<?xml version="1.0" encoding="UTF-8"?>
<!DOCTYPE html PUBLIC "-//W3C//DTD XHTML 1.0 Transitional//EN"
    "http://www.w3.org/TR/xhtml1/DTD/xhtml1-transitional.dtd">
<html xmlns="http://www.w3.org/1999/xhtml" xml:lang="en" lang="en">
 <head>
  <title>
</title>
<meta http-equiv="Content-Type" content="text/html;charset=utf-8" />
  <meta name='ocr-system' content='tesseract 3.04.00' />
  <meta name='ocr-capabilities' content='ocr_page ocr_carea ocr_par ocr_line ocrx_word'/>
</head>
<body>
  <div class='ocr_page' id='page_1' title='image "./publicumcarolisa00daun_0036.png"; bbox 0 0 2134 3324; ppageno 0'>
   <div class='ocr_carea' id='block_1_1' title="bbox 415 245 1902 995">
    <p class='ocr_par' dir='ltr' id='par_1_1' title="bbox 415 245 1902 995">
     <span class='ocr_line' id='line_1_1' title="bbox 502 245 570 291; baseline 0 0"><span class='ocrx_word' id='word_1_1' title='bbox 502 245 570 291; x_wconf 85' lang='lat'>14</span> 
     </span>
     <span class='ocr_line' id='line_1_2' title="bbox 417 294 1893 372; baseline -0.003 -13"><span class='ocrx_word' id='word_1_2' title='bbox 417 325 536 360; x_wconf 88' lang='lat' dir='ltr'>rum</span> <span class='ocrx_word' id='word_1_3' title='bbox 565 304 743 358; x_wconf 88' lang='lat' dir='ltr'>titulos</span> <span class='ocrx_word' id='word_1_4' title='bbox 774 300 790 364; x_wconf 64' lang='grc' dir='ltr'><em>ζ</em></span> <span class='ocrx_word' id='word_1_5' title='bbox 830 302 911 354; x_wconf 88' lang='lat' dir='ltr'>vel</span> <span class='ocrx_word' id='word_1_6' title='bbox 956 296 1203 372; x_wconf 73' lang='lat' dir='ltr'>imagines</span> <span class='ocrx_word' id='word_1_7' title='bbox 1239 294 1465 355; x_wconf 83' lang='lat' dir='ltr'>recolere</span> <span class='ocrx_word' id='word_1_8' title='bbox 1500 295 1629 372; x_wconf 88' lang='lat' dir='ltr'>opus</span> <span class='ocrx_word' id='word_1_9' title='bbox 1663 300 1732 354; x_wconf 86' lang='lat' dir='ltr'>est</span> <span class='ocrx_word' id='word_1_10' title='bbox 1762 321 1777 367; x_wconf 78' lang='lat'>3</span> <span class='ocrx_word' id='word_1_11' title='bbox 1820 303 1893 354; x_wconf 78' lang='lat' dir='ltr'>sat</span> 
     </span>
     <span class='ocr_line' id='line_1_3' title="bbox 417 380 1892 453; baseline -0.003 -17"><span class='ocrx_word' id='word_1_12' title='bbox 417 391 544 447; x_wconf 90' lang='lat' dir='ltr'>erit,</span> <span class='ocrx_word' id='word_1_13' title='bbox 574 397 632 436; x_wconf 90' lang='lat' dir='ltr'>ut</span> <span class='ocrx_word' id='word_1_14' title='bbox 662 384 711 435; x_wconf 88' lang='lat' dir='ltr'>id</span> <span class='ocrx_word' id='word_1_15' title='bbox 743 380 1068 453; x_wconf 73' lang='lat' dir='ltr'>assequamur</span> <span class='ocrx_word' id='word_1_16' title='bbox 1100 420 1115 442; x_wconf 92' lang='lat'>‚</span> <span class='ocrx_word' id='word_1_17' title='bbox 1146 382 1253 452; x_wconf 84' lang='lat' dir='ltr'>ejus</span> <span class='ocrx_word' id='word_1_18' title='bbox 1280 381 1415 449; x_wconf 85' lang='lat' dir='ltr'>gesta</span> <span class='ocrx_word' id='word_1_19' title='bbox 1449 420 1465 443; x_wconf 87' lang='lat'>‚</span> <span class='ocrx_word' id='word_1_20' title='bbox 1505 380 1892 434; x_wconf 82' lang='lat' dir='ltr'>immortalitate</span> 
     </span>
     <span class='ocr_line' id='line_1_4' title="bbox 417 460 1895 528; baseline -0.003 -12"><span class='ocrx_word' id='word_1_21' title='bbox 417 465 608 516; x_wconf 82' lang='lat' dir='ltr'>donata</span> <span class='ocrx_word' id='word_1_22' title='bbox 624 501 637 523; x_wconf 95' lang='lat'><strong>,</strong></span> <span class='ocrx_word' id='word_1_23' title='bbox 670 461 873 515; x_wconf 89' lang='lat' dir='ltr'>summo</span> <span class='ocrx_word' id='word_1_24' title='bbox 891 460 1033 513; x_wconf 83' lang='lat' dir='ltr'>velut</span> <span class='ocrx_word' id='word_1_25' title='bbox 1057 461 1216 528; x_wconf 86' lang='lat' dir='ltr'>digito</span> <span class='ocrx_word' id='word_1_26' title='bbox 1234 460 1415 513; x_wconf 89' lang='lat' dir='ltr'>leviter</span> <span class='ocrx_word' id='word_1_27' title='bbox 1441 463 1688 528; x_wconf 89' lang='lat' dir='ltr'>attingere</span> <span class='ocrx_word' id='word_1_28' title='bbox 1710 499 1722 512; x_wconf 92' lang='lat'>.</span> <span class='ocrx_word' id='word_1_29' title='bbox 1754 461 1895 513; x_wconf 87' lang='lat' dir='ltr'>Aere</span> 
     </span>
     <span class='ocr_line' id='line_1_5' title="bbox 417 539 1892 613; baseline -0.001 -21"><span class='ocrx_word' id='word_1_30' title='bbox 417 543 628 613; x_wconf 90' lang='lat' dir='ltr'>quidem</span> <span class='ocrx_word' id='word_1_31' title='bbox 670 581 685 602; x_wconf 93' lang='lat'>‚</span> <span class='ocrx_word' id='word_1_32' title='bbox 737 541 879 611; x_wconf 92' lang='lat' dir='ltr'>quod</span> <span class='ocrx_word' id='word_1_33' title='bbox 921 554 1100 592; x_wconf 80' lang='lat' dir='ltr'>natura</span> <span class='ocrx_word' id='word_1_34' title='bbox 1143 539 1322 592; x_wconf 81' lang='lat' dir='ltr'>habuit</span> <span class='ocrx_word' id='word_1_35' title='bbox 1363 579 1377 600; x_wconf 96' lang='lat'>‚</span> <span class='ocrx_word' id='word_1_36' title='bbox 1419 539 1618 610; x_wconf 85' lang='lat' dir='ltr'><strong>semper</strong></span> <span class='ocrx_word' id='word_1_37' title='bbox 1668 539 1892 591; x_wconf 80' lang='lat' dir='ltr'>excoluit</span> 
     </span>
     <span class='ocr_line' id='line_1_6' title="bbox 415 617 1897 689; baseline -0.003 -16"><span class='ocrx_word' id='word_1_38' title='bbox 415 623 682 689; x_wconf 85' lang='lat' dir='ltr'>ingenium</span> <span class='ocrx_word' id='word_1_39' title='bbox 702 659 715 681; x_wconf 91' lang='lat'>,</span> <span class='ocrx_word' id='word_1_40' title='bbox 746 623 1000 671; x_wconf 87' lang='lat' dir='ltr'>memoria</span> <span class='ocrx_word' id='word_1_41' title='bbox 1027 619 1154 670; x_wconf 78' lang='lat' dir='ltr'>adeo</span> <span class='ocrx_word' id='word_1_42' title='bbox 1181 617 1361 679; x_wconf 86' lang='lat' dir='ltr'>firma,</span> <span class='ocrx_word' id='word_1_43' title='bbox 1391 620 1440 671; x_wconf 87' lang='lat'>&amp;</span> <span class='ocrx_word' id='word_1_44' title='bbox 1465 618 1734 678; x_wconf 86' lang='lat' dir='ltr'>diuturna,</span> <span class='ocrx_word' id='word_1_45' title='bbox 1762 630 1817 669; x_wconf 85' lang='lat' dir='ltr'>ut</span> <span class='ocrx_word' id='word_1_46' title='bbox 1846 622 1897 668; x_wconf 85' lang='lat' dir='ltr'>in</span> 
     </span>
     <span class='ocr_line' id='line_1_7' title="bbox 416 695 1898 768; baseline -0.003 -17"><span class='ocrx_word' id='word_1_47' title='bbox 416 717 595 751; x_wconf 85' lang='lat' dir='ltr'>rerum</span> <span class='ocrx_word' id='word_1_48' title='bbox 626 698 943 751; x_wconf 86' lang='lat' dir='ltr'>oblivionem</span> <span class='ocrx_word' id='word_1_49' title='bbox 985 703 1102 749; x_wconf 79' lang='lat' dir='ltr'>raro</span> <span class='ocrx_word' id='word_1_50' title='bbox 1132 698 1376 750; x_wconf 86' lang='lat' dir='ltr'>incideret</span> <span class='ocrx_word' id='word_1_51' title='bbox 1401 736 1416 758; x_wconf 95' lang='lat'>‚</span> <span class='ocrx_word' id='word_1_52' title='bbox 1459 699 1509 748; x_wconf 88' lang='lat'>&amp;</span> <span class='ocrx_word' id='word_1_53' title='bbox 1548 697 1688 768; x_wconf 90' lang='lat' dir='ltr'>quod</span> <span class='ocrx_word' id='word_1_54' title='bbox 1730 695 1898 748; x_wconf 78' lang='lat' dir='ltr'>multo</span> 
     </span>
     <span class='ocr_line' id='line_1_8' title="bbox 419 775 1901 847; baseline -0.002 -18"><span class='ocrx_word' id='word_1_55' title='bbox 419 781 585 847; x_wconf 84' lang='lat' dir='ltr'>magis</span> <span class='ocrx_word' id='word_1_56' title='bbox 613 778 682 829; x_wconf 90' lang='lat' dir='ltr'>est</span> <span class='ocrx_word' id='word_1_57' title='bbox 716 777 1073 828; x_wconf 86' lang='lat' dir='ltr'>admirandum</span> <span class='ocrx_word' id='word_1_58' title='bbox 1107 817 1120 838; x_wconf 93' lang='lat'>‚</span> <span class='ocrx_word' id='word_1_59' title='bbox 1149 775 1378 847; x_wconf 86' lang='lat' dir='ltr'>Hispano</span> <span class='ocrx_word' id='word_1_60' title='bbox 1406 815 1420 837; x_wconf 88' lang='lat'><strong>,</strong></span> <span class='ocrx_word' id='word_1_61' title='bbox 1462 777 1512 827; x_wconf 72' lang='grc' dir='ltr'>δε</span> <span class='ocrx_word' id='word_1_62' title='bbox 1544 775 1750 827; x_wconf 90' lang='lat' dir='ltr'>Gallico</span> <span class='ocrx_word' id='word_1_63' title='bbox 1775 776 1901 826; x_wconf 89' lang='lat' dir='ltr'>idio-</span> 
     </span>
     <span class='ocr_line' id='line_1_9' title="bbox 420 853 1901 927; baseline -0.003 -19"><span class='ocrx_word' id='word_1_64' title='bbox 420 861 549 908; x_wconf 84' lang='lat' dir='ltr'>mati</span> <span class='ocrx_word' id='word_1_65' title='bbox 579 857 942 909; x_wconf 88' lang='lat' dir='ltr'>theutonicum</span> <span class='ocrx_word' id='word_1_66' title='bbox 977 856 1119 908; x_wconf 90' lang='lat' dir='ltr'>brevi</span> <span class='ocrx_word' id='word_1_67' title='bbox 1144 859 1392 927; x_wconf 85' lang='lat' dir='ltr'>temporis</span> <span class='ocrx_word' id='word_1_68' title='bbox 1417 853 1688 907; x_wconf 86' lang='lat' dir='ltr'>intervallo</span> <span class='ocrx_word' id='word_1_69' title='bbox 1714 854 1901 905; x_wconf 85' lang='lat' dir='ltr'>scitissi-</span> 
     </span>
     <span class='ocr_line' id='line_1_10' title="bbox 418 932 1902 995; baseline -0.003 -9"><span class='ocrx_word' id='word_1_70' title='bbox 418 938 506 987; x_wconf 75' lang='lat' dir='ltr'>me</span> <span class='ocrx_word' id='word_1_71' title='bbox 537 935 726 988; x_wconf 87' lang='lat' dir='ltr'>addidit</span> <span class='ocrx_word' id='word_1_72' title='bbox 744 974 757 985; x_wconf 90' lang='lat'><em>.</em></span> <span class='ocrx_word' id='word_1_73' title='bbox 784 937 1049 987; x_wconf 81' lang='lat' dir='ltr'>Bonarum</span> <span class='ocrx_word' id='word_1_74' title='bbox 1080 938 1266 986; x_wconf 87' lang='lat' dir='ltr'>artium</span> <span class='ocrx_word' id='word_1_75' title='bbox 1283 975 1296 995; x_wconf 90' lang='lat'>,</span> <span class='ocrx_word' id='word_1_76' title='bbox 1325 953 1382 986; x_wconf 90' lang='lat' dir='ltr'>ac</span> <span class='ocrx_word' id='word_1_77' title='bbox 1407 932 1672 985; x_wconf 89' lang='lat' dir='ltr'>literarum</span> <span class='ocrx_word' id='word_1_78' title='bbox 1697 933 1867 985; x_wconf 86' lang='lat' dir='ltr'>studiis</span> <span class='ocrx_word' id='word_1_79' title='bbox 1887 972 1902 993; x_wconf 92' lang='lat'>,</span> 
     </span>
    </p>
   </div>
   <div class='ocr_carea' id='block_1_2' title="bbox 416 1010 1901 1160">
    <p class='ocr_par' dir='ltr' id='par_1_2' title="bbox 416 1010 1901 1160">
     <span class='ocr_line' id='line_1_11' title="bbox 417 1010 1901 1084; baseline -0.003 -18"><span class='ocrx_word' id='word_1_80' title='bbox 417 1014 578 1067; x_wconf 88' lang='lat' dir='ltr'>latino</span> <span class='ocrx_word' id='word_1_81' title='bbox 597 1054 610 1075; x_wconf 89' lang='lat'>‚</span> <span class='ocrx_word' id='word_1_82' title='bbox 647 1013 879 1084; x_wconf 86' lang='lat' dir='ltr'>Italoque</span> <span class='ocrx_word' id='word_1_83' title='bbox 908 1013 1130 1065; x_wconf 83' lang='lat' dir='ltr'>sermoni</span> <span class='ocrx_word' id='word_1_84' title='bbox 1156 1010 1546 1072; x_wconf 78' lang='lat' dir='ltr'>intentiffiinuS‚</span> <span class='ocrx_word' id='word_1_85' title='bbox 1573 1013 1762 1063; x_wconf 79' lang='lat' dir='ltr'>adeout</span> <span class='ocrx_word' id='word_1_86' title='bbox 1793 1030 1901 1062; x_wconf 89' lang='lat' dir='ltr'>non</span> 
     </span>
     <span class='ocr_line' id='line_1_12' title="bbox 416 1090 1900 1160; baseline -0.002 -17"><span class='ocrx_word' id='word_1_87' title='bbox 416 1092 522 1144; x_wconf 88' lang='lat' dir='ltr'>fine</span> <span class='ocrx_word' id='word_1_88' title='bbox 542 1096 696 1142; x_wconf 89' lang='lat' dir='ltr'>animi</span> <span class='ocrx_word' id='word_1_89' title='bbox 722 1096 823 1141; x_wconf 89' lang='lat' dir='ltr'>mei</span> <span class='ocrx_word' id='word_1_90' title='bbox 852 1091 1148 1160; x_wconf 88' lang='lat' dir='ltr'>voluptate,</span> <span class='ocrx_word' id='word_1_91' title='bbox 1174 1095 1260 1141; x_wconf 83' lang='lat' dir='ltr'>vix</span> <span class='ocrx_word' id='word_1_92' title='bbox 1285 1090 1679 1142; x_wconf 83' lang='lat' dir='ltr'>adolescentiam</span> <span class='ocrx_word' id='word_1_93' title='bbox 1707 1091 1900 1140; x_wconf 84' lang='lat' dir='ltr'>Emen-</span> 
     </span>
    </p>
   </div>
   <div class='ocr_carea' id='block_1_3' title="bbox 416 1164 1918 2809">
    <p class='ocr_par' dir='ltr' id='par_1_3' title="bbox 416 1164 1918 2809">
     <span class='ocr_line' id='line_1_13' title="bbox 418 1164 1905 1239; baseline -0.002 -17"><span class='ocrx_word' id='word_1_94' title='bbox 418 1170 531 1224; x_wconf 89' lang='lat' dir='ltr'>sum</span> <span class='ocrx_word' id='word_1_95' title='bbox 563 1208 577 1229; x_wconf 89' lang='lat'>,</span> <span class='ocrx_word' id='word_1_96' title='bbox 602 1168 772 1239; x_wconf 82' lang='lat' dir='ltr'>saepius</span> <span class='ocrx_word' id='word_1_97' title='bbox 805 1169 1053 1220; x_wconf 87' lang='lat' dir='ltr'>audierim</span> <span class='ocrx_word' id='word_1_98' title='bbox 1089 1168 1149 1219; x_wconf 93' lang='lat' dir='ltr'>de</span> <span class='ocrx_word' id='word_1_99' title='bbox 1178 1169 1252 1219; x_wconf 86' lang='lat' dir='ltr'>his</span> <span class='ocrx_word' id='word_1_100' title='bbox 1289 1167 1530 1219; x_wconf 89' lang='lat' dir='ltr'>omnibus</span> <span class='ocrx_word' id='word_1_101' title='bbox 1557 1164 1905 1219; x_wconf 82' lang='lat' dir='ltr'>acutiffimum</span> 
     </span>
     <span class='ocr_line' id='line_1_14' title="bbox 421 1244 1908 1319; baseline -0.003 -18"><span class='ocrx_word' id='word_1_102' title='bbox 421 1250 727 1319; x_wconf 85' lang='lat' dir='ltr'>depromere</span> <span class='ocrx_word' id='word_1_103' title='bbox 753 1247 1004 1316; x_wconf 74' lang='lat' dir='ltr'>judicium</span> <span class='ocrx_word' id='word_1_104' title='bbox 1043 1285 1055 1297; x_wconf 89' lang='lat'><em>.</em></span> <span class='ocrx_word' id='word_1_105' title='bbox 1095 1245 1193 1297; x_wconf 88' lang='lat' dir='ltr'>Res</span> <span class='ocrx_word' id='word_1_106' title='bbox 1234 1245 1441 1315; x_wconf 88' lang='lat' dir='ltr'>politica</span> <span class='ocrx_word' id='word_1_107' title='bbox 1487 1244 1575 1315; x_wconf 79' lang='lat' dir='ltr'>ipfi</span> <span class='ocrx_word' id='word_1_108' title='bbox 1619 1245 1908 1306; x_wconf 80' lang='lat' dir='ltr'>familiaris,</span> 
     </span>
     <span class='ocr_line' id='line_1_15' title="bbox 425 1324 1911 1398; baseline -0.001 -20"><span class='ocrx_word' id='word_1_109' title='bbox 425 1330 584 1398; x_wconf 75' lang='lat' dir='ltr'>quare</span> <span class='ocrx_word' id='word_1_110' title='bbox 613 1330 664 1377; x_wconf 89' lang='lat' dir='ltr'>in</span> <span class='ocrx_word' id='word_1_111' title='bbox 697 1324 896 1376; x_wconf 88' lang='lat' dir='ltr'>meliori</span> <span class='ocrx_word' id='word_1_112' title='bbox 934 1325 1140 1376; x_wconf 86' lang='lat' dir='ltr'>historia</span> <span class='ocrx_word' id='word_1_113' title='bbox 1180 1324 1406 1377; x_wconf 89' lang='lat' dir='ltr'>eruditus</span> <span class='ocrx_word' id='word_1_114' title='bbox 1436 1325 1751 1377; x_wconf 88' lang='lat' dir='ltr'>Amicorum</span> <span class='ocrx_word' id='word_1_115' title='bbox 1789 1343 1911 1376; x_wconf 89' lang='lat' dir='ltr'>con-</span> 
     </span>
     <span class='ocr_line' id='line_1_16' title="bbox 424 1403 1910 1476; baseline -0.003 -16"><span class='ocrx_word' id='word_1_116' title='bbox 424 1419 614 1460; x_wconf 77' lang='lat' dir='ltr'>Ventus</span> <span class='ocrx_word' id='word_1_117' title='bbox 643 1403 804 1474; x_wconf 77' lang='lat' dir='ltr'>lepide</span> <span class='ocrx_word' id='word_1_118' title='bbox 833 1403 1202 1455; x_wconf 86' lang='lat' dir='ltr'>concinnabat.</span> <span class='ocrx_word' id='word_1_119' title='bbox 1232 1404 1359 1455; x_wconf 81' lang='lat' dir='ltr'>Haec</span> <span class='ocrx_word' id='word_1_120' title='bbox 1397 1408 1445 1455; x_wconf 90' lang='lat' dir='ltr'>in</span> <span class='ocrx_word' id='word_1_121' title='bbox 1481 1403 1700 1474; x_wconf 84' lang='lat' dir='ltr'>Josepho</span> <span class='ocrx_word' id='word_1_122' title='bbox 1733 1403 1910 1476; x_wconf 82' lang='lat' dir='ltr'>Capy-</span> 
     </span>
     <span class='ocr_line' id='line_1_17' title="bbox 427 1482 1912 1553; baseline -0.002 -17"><span class='ocrx_word' id='word_1_123' title='bbox 427 1487 507 1536; x_wconf 88' lang='lat' dir='ltr'>cio</span> <span class='ocrx_word' id='word_1_124' title='bbox 544 1486 731 1551; x_wconf 85' lang='lat' dir='ltr'>ingenii</span> <span class='ocrx_word' id='word_1_125' title='bbox 768 1483 1128 1553; x_wconf 88' lang='lat' dir='ltr'>promptitudo</span> <span class='ocrx_word' id='word_1_126' title='bbox 1148 1523 1160 1544; x_wconf 86' lang='lat'><strong>,</strong></span> <span class='ocrx_word' id='word_1_127' title='bbox 1184 1483 1233 1534; x_wconf 87' lang='lat'>&amp;</span> <span class='ocrx_word' id='word_1_128' title='bbox 1264 1482 1504 1542; x_wconf 85' lang='lat' dir='ltr'>facilitas,</span> <span class='ocrx_word' id='word_1_129' title='bbox 1530 1485 1772 1533; x_wconf 71' lang='lat' dir='ltr'>caeterum</span> <span class='ocrx_word' id='word_1_130' title='bbox 1803 1484 1912 1533; x_wconf 80' lang='lat' dir='ltr'>haec</span> 
     </span>
     <span class='ocr_line' id='line_1_18' title="bbox 422 1558 1911 1631; baseline -0.001 -17"><span class='ocrx_word' id='word_1_131' title='bbox 422 1566 603 1615; x_wconf 79' lang='lat' dir='ltr'>omnia</span> <span class='ocrx_word' id='word_1_132' title='bbox 636 1565 791 1613; x_wconf 88' lang='lat' dir='ltr'>animi</span> <span class='ocrx_word' id='word_1_133' title='bbox 821 1560 1072 1613; x_wconf 80' lang='lat' dir='ltr'>fortitudo</span> <span class='ocrx_word' id='word_1_134' title='bbox 1105 1558 1370 1631; x_wconf 87' lang='lat' dir='ltr'>superabat</span> <span class='ocrx_word' id='word_1_135' title='bbox 1389 1600 1400 1612; x_wconf 90' lang='lat'>.</span> <span class='ocrx_word' id='word_1_136' title='bbox 1423 1561 1499 1611; x_wconf 84' lang='lat' dir='ltr'>En</span> <span class='ocrx_word' id='word_1_137' title='bbox 1528 1562 1683 1614; x_wconf 87' lang='lat' dir='ltr'>Cives</span> <span class='ocrx_word' id='word_1_138' title='bbox 1704 1602 1719 1622; x_wconf 87' lang='lat'>‚</span> <span class='ocrx_word' id='word_1_139' title='bbox 1749 1578 1911 1630; x_wconf 82' lang='lat' dir='ltr'>quan-</span> 
     </span>
     <span class='ocr_line' id='line_1_19' title="bbox 425 1639 1915 1712; baseline -0.003 -18"><span class='ocrx_word' id='word_1_140' title='bbox 425 1655 607 1712; x_wconf 90' lang='lat' dir='ltr'>topere</span> <span class='ocrx_word' id='word_1_141' title='bbox 641 1639 906 1693; x_wconf 86' lang='lat' dir='ltr'>literarum</span> <span class='ocrx_word' id='word_1_142' title='bbox 927 1644 1251 1700; x_wconf 83' lang='lat' dir='ltr'>exercitati0‚</span> <span class='ocrx_word' id='word_1_143' title='bbox 1280 1659 1383 1692; x_wconf 88' lang='lat' dir='ltr'>non</span> <span class='ocrx_word' id='word_1_144' title='bbox 1414 1640 1575 1691; x_wconf 77' lang='lat' dir='ltr'>modo</span> <span class='ocrx_word' id='word_1_145' title='bbox 1598 1654 1785 1691; x_wconf 85' lang='lat' dir='ltr'>ornatu</span> <span class='ocrx_word' id='word_1_146' title='bbox 1803 1639 1915 1690; x_wconf 87' lang='lat' dir='ltr'>No-</span> 
     </span>
     <span class='ocr_line' id='line_1_20' title="bbox 428 1718 1909 1789; baseline -0.003 -16"><span class='ocrx_word' id='word_1_147' title='bbox 428 1719 586 1773; x_wconf 87' lang='lat' dir='ltr'>bilem</span> <span class='ocrx_word' id='word_1_148' title='bbox 621 1720 809 1772; x_wconf 88' lang='lat' dir='ltr'>Virum</span> <span class='ocrx_word' id='word_1_149' title='bbox 846 1719 1134 1789; x_wconf 86' lang='lat' dir='ltr'>compleat,</span> <span class='ocrx_word' id='word_1_150' title='bbox 1165 1719 1247 1770; x_wconf 88' lang='lat' dir='ltr'>sed</span> <span class='ocrx_word' id='word_1_151' title='bbox 1274 1721 1323 1770; x_wconf 89' lang='lat'>&amp;</span> <span class='ocrx_word' id='word_1_152' title='bbox 1353 1721 1506 1771; x_wconf 88' lang='lat' dir='ltr'>animi</span> <span class='ocrx_word' id='word_1_153' title='bbox 1541 1718 1699 1770; x_wconf 88' lang='lat' dir='ltr'>robur</span> <span class='ocrx_word' id='word_1_154' title='bbox 1719 1759 1732 1779; x_wconf 92' lang='lat'>‚</span> <span class='ocrx_word' id='word_1_155' title='bbox 1752 1721 1909 1788; x_wconf 75' lang='lat' dir='ltr'>quam</span> 
     </span>
     <span class='ocr_line' id='line_1_21' title="bbox 416 1796 1912 1866; baseline -0.002 -17"><span class='ocrx_word' id='word_1_156' title='bbox 416 1801 653 1850; x_wconf 63' lang='lat' dir='ltr'>&gt;maxime</span> <span class='ocrx_word' id='word_1_157' title='bbox 691 1803 907 1858; x_wconf 78' lang='lat' dir='ltr'>excitet,</span> <span class='ocrx_word' id='word_1_158' title='bbox 939 1816 995 1848; x_wconf 86' lang='lat' dir='ltr'>ac</span> <span class='ocrx_word' id='word_1_159' title='bbox 1031 1796 1235 1849; x_wconf 90' lang='lat' dir='ltr'>firmet.</span> <span class='ocrx_word' id='word_1_160' title='bbox 1277 1796 1452 1848; x_wconf 84' lang='lat' dir='ltr'>Indole</span> <span class='ocrx_word' id='word_1_161' title='bbox 1491 1797 1729 1866; x_wconf 78' lang='lat' dir='ltr'>equidem</span> <span class='ocrx_word' id='word_1_162' title='bbox 1766 1797 1912 1847; x_wconf 90' lang='lat' dir='ltr'>abra-</span> 
     </span>
     <span class='ocr_line' id='line_1_22' title="bbox 428 1875 1915 1943; baseline -0.003 -15"><span class='ocrx_word' id='word_1_163' title='bbox 428 1877 478 1929; x_wconf 91' lang='lat' dir='ltr'>sa</span> <span class='ocrx_word' id='word_1_164' title='bbox 499 1877 754 1928; x_wconf 88' lang='lat' dir='ltr'>nascimur</span> <span class='ocrx_word' id='word_1_165' title='bbox 776 1917 788 1937; x_wconf 91' lang='lat'>,</span> <span class='ocrx_word' id='word_1_166' title='bbox 812 1895 870 1928; x_wconf 89' lang='lat' dir='ltr'>ea</span> <span class='ocrx_word' id='word_1_167' title='bbox 903 1889 1078 1927; x_wconf 87' lang='lat' dir='ltr'>tamen</span> <span class='ocrx_word' id='word_1_168' title='bbox 1107 1879 1277 1927; x_wconf 87' lang='lat' dir='ltr'>nativa</span> <span class='ocrx_word' id='word_1_169' title='bbox 1310 1875 1648 1927; x_wconf 82' lang='lat' dir='ltr'>foecunditate</span> <span class='ocrx_word' id='word_1_170' title='bbox 1666 1916 1679 1936; x_wconf 92' lang='lat'>‚</span> <span class='ocrx_word' id='word_1_171' title='bbox 1700 1890 1758 1928; x_wconf 84' lang='lat' dir='ltr'>ut</span> <span class='ocrx_word' id='word_1_172' title='bbox 1787 1893 1915 1943; x_wconf 88' lang='lat' dir='ltr'>quo-</span> 
     </span>
     <span class='ocr_line' id='line_1_23' title="bbox 428 1952 1914 2024; baseline -0.002 -17"><span class='ocrx_word' id='word_1_173' title='bbox 428 1955 622 2008; x_wconf 88' lang='lat' dir='ltr'>tidiano</span> <span class='ocrx_word' id='word_1_174' title='bbox 661 1954 870 2023; x_wconf 87' lang='lat' dir='ltr'>gravida</span> <span class='ocrx_word' id='word_1_175' title='bbox 899 1952 1088 2005; x_wconf 88' lang='lat' dir='ltr'>semine</span> <span class='ocrx_word' id='word_1_176' title='bbox 1114 1953 1351 2004; x_wconf 74' lang='lat' dir='ltr'>idearum</span> <span class='ocrx_word' id='word_1_177' title='bbox 1386 1993 1399 2014; x_wconf 90' lang='lat'>,</span> <span class='ocrx_word' id='word_1_178' title='bbox 1445 1972 1570 2023; x_wconf 87' lang='lat' dir='ltr'>quas</span> <span class='ocrx_word' id='word_1_179' title='bbox 1602 1973 1745 2005; x_wconf 90' lang='lat' dir='ltr'>mens</span> <span class='ocrx_word' id='word_1_180' title='bbox 1779 1953 1914 2024; x_wconf 84' lang='lat' dir='ltr'>ipsa,</span> 
     </span>
     <span class='ocr_line' id='line_1_24' title="bbox 428 2029 1916 2103; baseline 0 -20"><span class='ocrx_word' id='word_1_181' title='bbox 428 2032 607 2086; x_wconf 90' lang='lat' dir='ltr'>Divini</span> <span class='ocrx_word' id='word_1_182' title='bbox 643 2032 851 2085; x_wconf 89' lang='lat' dir='ltr'>luminis</span> <span class='ocrx_word' id='word_1_183' title='bbox 886 2029 1079 2092; x_wconf 82' lang='lat' dir='ltr'>facula,</span> <span class='ocrx_word' id='word_1_184' title='bbox 1120 2035 1172 2083; x_wconf 88' lang='lat' dir='ltr'>vi</span> <span class='ocrx_word' id='word_1_185' title='bbox 1207 2035 1583 2100; x_wconf 87' lang='lat' dir='ltr'>cogitationum</span> <span class='ocrx_word' id='word_1_186' title='bbox 1614 2032 1916 2103; x_wconf 85' lang='lat' dir='ltr'>implantat,</span> 
     </span>
     <span class='ocr_line' id='line_1_25' title="bbox 434 2109 1914 2181; baseline -0.002 -18"><span class='ocrx_word' id='word_1_187' title='bbox 434 2111 544 2181; x_wconf 89' lang='lat' dir='ltr'>ejus</span> <span class='ocrx_word' id='word_1_188' title='bbox 593 2111 768 2163; x_wconf 89' lang='lat' dir='ltr'>reddat</span> <span class='ocrx_word' id='word_1_189' title='bbox 814 2123 1007 2162; x_wconf 85' lang='lat' dir='ltr'>naturae</span> <span class='ocrx_word' id='word_1_190' title='bbox 1051 2109 1251 2162; x_wconf 58' lang='lat' dir='ltr'>fructus</span> <span class='ocrx_word' id='word_1_191' title='bbox 1290 2149 1303 2170; x_wconf 90' lang='lat'>‚</span> <span class='ocrx_word' id='word_1_192' title='bbox 1356 2129 1487 2181; x_wconf 92' lang='lat' dir='ltr'>quos</span> <span class='ocrx_word' id='word_1_193' title='bbox 1539 2129 1601 2164; x_wconf 86' lang='lat' dir='ltr'>ex</span> <span class='ocrx_word' id='word_1_194' title='bbox 1644 2110 1914 2162; x_wconf 87' lang='lat' dir='ltr'>seminibus</span> 
     </span>
     <span class='ocr_line' id='line_1_26' title="bbox 435 2186 1918 2259; baseline -0.001 -19"><span class='ocrx_word' id='word_1_195' title='bbox 435 2193 677 2259; x_wconf 91' lang='lat' dir='ltr'>concepit</span> <span class='ocrx_word' id='word_1_196' title='bbox 698 2229 711 2249; x_wconf 92' lang='lat'><strong><em>‚</em></strong></span> <span class='ocrx_word' id='word_1_197' title='bbox 748 2208 854 2259; x_wconf 86' lang='lat' dir='ltr'>quo</span> <span class='ocrx_word' id='word_1_198' title='bbox 889 2186 982 2248; x_wconf 83' lang='lat' dir='ltr'>fit,</span> <span class='ocrx_word' id='word_1_199' title='bbox 1014 2202 1072 2240; x_wconf 89' lang='lat' dir='ltr'>ut</span> <span class='ocrx_word' id='word_1_200' title='bbox 1103 2187 1138 2240; x_wconf 85' lang='lat' dir='ltr'>fi</span> <span class='ocrx_word' id='word_1_201' title='bbox 1164 2188 1295 2240; x_wconf 72' lang='lat' dir='ltr'>forte</span> <span class='ocrx_word' id='word_1_202' title='bbox 1326 2189 1459 2241; x_wconf 85' lang='lat' dir='ltr'>hanc</span> <span class='ocrx_word' id='word_1_203' title='bbox 1487 2193 1593 2241; x_wconf 87' lang='lat' dir='ltr'>vim</span> <span class='ocrx_word' id='word_1_204' title='bbox 1625 2190 1778 2241; x_wconf 87' lang='lat' dir='ltr'>nostri</span> <span class='ocrx_word' id='word_1_205' title='bbox 1811 2192 1918 2240; x_wconf 85' lang='lat' dir='ltr'>ani-</span> 
     </span>
     <span class='ocr_line' id='line_1_27' title="bbox 433 2266 1915 2334; baseline 0 -16"><span class='ocrx_word' id='word_1_206' title='bbox 433 2272 506 2319; x_wconf 86' lang='lat' dir='ltr'>mi</span> <span class='ocrx_word' id='word_1_207' title='bbox 546 2266 748 2318; x_wconf 87' lang='lat' dir='ltr'>lllustris</span> <span class='ocrx_word' id='word_1_208' title='bbox 790 2269 1002 2334; x_wconf 85' lang='lat' dir='ltr'>Sanguis</span> <span class='ocrx_word' id='word_1_209' title='bbox 1038 2267 1195 2320; x_wconf 87' lang='lat' dir='ltr'>veluti</span> <span class='ocrx_word' id='word_1_210' title='bbox 1234 2267 1602 2329; x_wconf 81' lang='lat' dir='ltr'>insuccaverit,</span> <span class='ocrx_word' id='word_1_211' title='bbox 1640 2287 1702 2321; x_wconf 79' lang='lat' dir='ltr'>ex</span> <span class='ocrx_word' id='word_1_212' title='bbox 1736 2267 1915 2327; x_wconf 59' lang='lat' dir='ltr'>arcto,</span> 
     </span>
     <span class='ocr_line' id='line_1_28' title="bbox 433 2346 1906 2418; baseline -0.001 -20"><span class='ocrx_word' id='word_1_213' title='bbox 433 2350 809 2417; x_wconf 82' lang='lat' dir='ltr'>reciprocoque</span> <span class='ocrx_word' id='word_1_214' title='bbox 844 2346 1055 2415; x_wconf 85' lang='lat' dir='ltr'>Spiritus</span> <span class='ocrx_word' id='word_1_215' title='bbox 1087 2385 1100 2406; x_wconf 88' lang='lat'>‚</span> <span class='ocrx_word' id='word_1_216' title='bbox 1138 2347 1455 2417; x_wconf 87' lang='lat' dir='ltr'>&amp;Corporis</span> <span class='ocrx_word' id='word_1_217' title='bbox 1493 2347 1724 2418; x_wconf 60' lang='lat' dir='ltr'>respectu</span> <span class='ocrx_word' id='word_1_218' title='bbox 1746 2386 1759 2406; x_wconf 85' lang='lat'>‚</span> <span class='ocrx_word' id='word_1_219' title='bbox 1795 2350 1906 2415; x_wconf 84' lang='lat' dir='ltr'>quis</span> 
     </span>
     <span class='ocr_line' id='line_1_29' title="bbox 421 2423 1913 2494; baseline -0.002 -18"><span class='ocrx_word' id='word_1_220' title='bbox 421 2426 629 2476; x_wconf 81' lang='lat' dir='ltr'>abnuet</span> <span class='ocrx_word' id='word_1_221' title='bbox 669 2464 682 2484; x_wconf 93' lang='lat'>‚</span> <span class='ocrx_word' id='word_1_222' title='bbox 734 2428 796 2475; x_wconf 77' lang='lat' dir='ltr'>eo</span> <span class='ocrx_word' id='word_1_223' title='bbox 844 2423 1119 2494; x_wconf 70' lang='lat' dir='ltr'>impensius</span> <span class='ocrx_word' id='word_1_224' title='bbox 1165 2429 1372 2477; x_wconf 85' lang='lat' dir='ltr'>excitari</span> <span class='ocrx_word' id='word_1_225' title='bbox 1411 2430 1666 2478; x_wconf 87' lang='lat' dir='ltr'>virtutum</span> <span class='ocrx_word' id='word_1_226' title='bbox 1704 2424 1913 2482; x_wconf 83' lang='lat' dir='ltr'>formas,</span> 
     </span>
     <span class='ocr_line' id='line_1_30' title="bbox 438 2501 1914 2575; baseline -0.003 -20"><span class='ocrx_word' id='word_1_227' title='bbox 438 2509 547 2572; x_wconf 76' lang='lat' dir='ltr'>quo</span> <span class='ocrx_word' id='word_1_228' title='bbox 580 2501 850 2554; x_wconf 86' lang='lat' dir='ltr'>nobiliores</span> <span class='ocrx_word' id='word_1_229' title='bbox 881 2515 1148 2555; x_wconf 79' lang='lat' dir='ltr'>traxerunt</span> <span class='ocrx_word' id='word_1_230' title='bbox 1192 2507 1243 2554; x_wconf 90' lang='lat' dir='ltr'>in</span> <span class='ocrx_word' id='word_1_231' title='bbox 1281 2504 1532 2556; x_wconf 83' lang='lat' dir='ltr'>nascendo</span> <span class='ocrx_word' id='word_1_232' title='bbox 1567 2506 1914 2575; x_wconf 81' lang='lat' dir='ltr'>propagines?</span> 
     </span>
     <span class='ocr_line' id='line_1_31' title="bbox 438 2580 1917 2654; baseline -0.001 -21"><span class='ocrx_word' id='word_1_233' title='bbox 438 2580 612 2634; x_wconf 83' lang='lat' dir='ltr'>Tanta</span> <span class='ocrx_word' id='word_1_234' title='bbox 648 2585 799 2648; x_wconf 83' lang='lat' dir='ltr'>igitur</span> <span class='ocrx_word' id='word_1_235' title='bbox 847 2580 1111 2633; x_wconf 86' lang='lat' dir='ltr'>literarum</span> <span class='ocrx_word' id='word_1_236' title='bbox 1146 2583 1378 2634; x_wconf 80' lang='lat' dir='ltr'>venustas</span> <span class='ocrx_word' id='word_1_237' title='bbox 1423 2585 1701 2654; x_wconf 86' lang='lat' dir='ltr'>Josephum</span> <span class='ocrx_word' id='word_1_238' title='bbox 1739 2581 1917 2653; x_wconf 76' lang='lat' dir='ltr'>Capy-</span> 
     </span>
     <span class='ocr_line' id='line_1_32' title="bbox 441 2659 1915 2733; baseline -0.001 -20"><span class='ocrx_word' id='word_1_239' title='bbox 441 2664 577 2713; x_wconf 87' lang='lat' dir='ltr'>cium</span> <span class='ocrx_word' id='word_1_240' title='bbox 605 2664 667 2712; x_wconf 75' lang='lat' dir='ltr'>eo</span> <span class='ocrx_word' id='word_1_241' title='bbox 694 2659 900 2732; x_wconf 82' lang='lat' dir='ltr'>pellexit</span> <span class='ocrx_word' id='word_1_242' title='bbox 920 2700 933 2723; x_wconf 90' lang='lat'>‚</span> <span class='ocrx_word' id='word_1_243' title='bbox 969 2675 1025 2713; x_wconf 91' lang='lat' dir='ltr'>ut</span> <span class='ocrx_word' id='word_1_244' title='bbox 1055 2660 1168 2733; x_wconf 83' lang='lat' dir='ltr'>ipfis</span> <span class='ocrx_word' id='word_1_245' title='bbox 1197 2661 1410 2717; x_wconf 86' lang='lat' dir='ltr'>libenter</span> <span class='ocrx_word' id='word_1_246' title='bbox 1443 2662 1741 2730; x_wconf 85' lang='lat' dir='ltr'>indulgens,</span> <span class='ocrx_word' id='word_1_247' title='bbox 1762 2662 1811 2710; x_wconf 62' lang='grc' dir='ltr'>ἃς</span> <span class='ocrx_word' id='word_1_248' title='bbox 1833 2676 1915 2712; x_wconf 84' lang='lat' dir='ltr'>ex-</span> 
     </span>
     <span class='ocr_line' id='line_1_33' title="bbox 1716 2737 1843 2809; baseline 0.008 -21"><span class='ocrx_word' id='word_1_249' title='bbox 1716 2737 1843 2809; x_wconf 83' lang='lat' dir='ltr'>poli-</span> 
     </span>
    </p>
   </div>
  </div>
 </body>
</html>
