2134 3324
1464 228 1531 294 ,ῖς

143 307 356 379 politam
393 306 463 359 sui
497 305 764 359 reddiderit
799 316 1025 359 mentem
1064 305 1078 368 ζ
1115 307 1165 358 &
1194 305 1254 357 ad
1286 304 1473 358 fortem
1511 312 1617 359 ani-

146 405 292 439 mum
326 386 414 439 fibi
449 386 887 456 comparandum,
917 388 1304 456 quammaxime
1337 385 1615 455 adjuverit.

144 466 316 536 lnjurii
364 469 517 533 igitur
551 464 790 535 profecto
823 463 1035 516 effemus
1057 504 1070 525 ‚
1107 463 1142 515 fi
1171 462 1261 532 ipfi
1286 477 1489 516 tantum
1510 482 1616 516 non

141 548 523 615 impertiremur
549 542 734 604 laudiS,
754 557 1005 614 quantum
1033 539 1305 595 fortiffimo
1322 582 1334 602 ‚
1358 545 1406 595 &
1427 543 1617 614 sapien-

141 622 332 675 tiffimo
363 621 563 674 homini
598 623 809 675 debetur
848 661 861 674 .
912 623 1017 674 Prae
1057 625 1248 674 caeteris
1294 625 1466 692 itaque
1503 621 1615 674 fatis

140 701 467 773 exploratum
501 701 751 753 habuerat
784 741 798 762 ,
839 705 1072 753 animum
1116 701 1177 751 ad
1211 699 1435 771 pericula
1474 718 1614 770 para-

138 794 252 832 tum
285 821 298 842 ,
333 781 369 833 fi
400 781 469 833 sui
504 781 779 851 cupiditate
813 819 827 840 ‚
871 799 976 831 non
1013 783 1281 831 communi
1318 778 1611 848 impellatur

134 858 351 911 utilitate
383 898 398 920 ,
439 859 632 912 nullam
665 856 972 911 fortitudinis
1008 857 1224 927 gloriam
1261 897 1275 919 ,
1317 856 1398 909 sed
1442 858 1613 927 potius

130 939 351 991 audaciae
385 952 562 991 notam
594 937 777 990 referre
812 974 824 988 .
865 938 942 989 Ea
981 941 1205 1006 namque
1242 939 1395 988 animi
1427 935 1608 997 elati0‚

130 1034 244 1086 quae
274 1021 501 1069 cernitur
530 1021 579 1068 in
610 1016 871 1087 periculiS,
908 1034 966 1067 ac
1002 1015 1257 1068 laboribus
1280 1055 1292 1076 ‚
1319 1034 1381 1066 ne
1408 1019 1456 1066 in
1483 1018 1610 1066 vitio

127 1094 191 1148 fit
213 1135 225 1156 ‚
261 1115 354 1147 nec
388 1097 572 1164 justitia
604 1113 790 1146 vacare
822 1134 835 1153 ‚
864 1113 957 1144 nec
990 1113 1084 1163 pro
1117 1098 1330 1164 propriis
1365 1108 1604 1145 commo·-

128 1174 230 1234 dis,
263 1173 345 1225 sed
372 1188 468 1243 pro
501 1177 770 1224 communi
797 1170 952 1223 salute
979 1190 1209 1242 pugnare
1240 1171 1423 1222 debet.
1452 1171 1605 1222 Hanc

123 1256 401 1319 genuinam
437 1250 748 1301 fortitudinis
782 1249 954 1299 Ideam
989 1247 1265 1318 Josephum
1306 1250 1605 1321 Capycium

123 1333 298 1381 animo
334 1331 423 1381 suo
455 1328 653 1398 semper
690 1325 942 1378 retinuiffe
966 1365 978 1385 ‚
1014 1324 1126 1377 satis
1157 1326 1398 1378 indicavit
1433 1341 1604 1379 extre-

120 1426 243 1460 mus
267 1407 348 1459 ille
380 1407 588 1459 exitialis
623 1407 724 1457 dies
746 1445 758 1466 ‚
796 1423 902 1476 quo
939 1405 1150 1456 furentis
1187 1404 1387 1456 invidiae
1419 1404 1602 1457 infidiis

119 1486 376 1539 lacessitus
395 1527 409 1547 ,
440 1490 666 1554 ingenuo
695 1484 908 1555 pectore
928 1524 941 1545 ‚
975 1487 1189 1554 quanvis
1221 1487 1502 1535 immaturo
1531 1483 1603 1535 fa-

119 1580 177 1617 to
199 1606 212 1627 ,
248 1585 344 1637 pro
369 1567 637 1616 communi
665 1565 841 1615 Patriae
876 1563 1021 1615 bono
1053 1602 1066 1623 ‚
1094 1561 1312 1629 gloriosa
1349 1560 1595 1615 occubuit

120 1658 290 1696 morte
310 1683 324 1695 .
359 1644 409 1695 O
438 1642 548 1714 post
579 1642 873 1695 Hominum
907 1645 1214 1692 memoriam
1237 1641 1430 1693 cordati
1453 1641 1598 1693 Civis

118 1723 420 1793 praeclarum
447 1721 729 1792 specimen!
755 1721 966 1773 ubinam
996 1720 1250 1773 Gentium
1270 1732 1377 1771 tam
1406 1719 1598 1790 glorio-

118 1805 198 1862 se,
230 1816 337 1853 tam
367 1795 536 1852 severe
573 1800 667 1851 fuit
697 1803 928 1868 unquam
962 1803 1132 1869 patriae
1154 1798 1407 1850 litatum?
1440 1799 1485 1849 Si
1509 1814 1596 1850 ex-

118 1881 342 1933 tinctum
369 1878 605 1931 dolemus
630 1878 817 1929 Civem
837 1917 851 1940 ‚
887 1877 1032 1946 cujus
1059 1880 1162 1928 vita
1192 1876 1379 1927 sociam
1413 1876 1595 1928 habuit

116 1963 361 2011 virtutem
378 1999 390 2018 ,
420 1974 558 2010 mors
587 1959 832 2007 comitem
854 1955 1072 2023 gloriam
1088 1994 1101 2015 ,
1121 1958 1232 2024 quis
1257 1958 1349 2005 erit
1375 1967 1482 2005 tam
1504 1955 1594 2006 du-

116 2042 155 2088 ri
188 2036 355 2087 cordis
373 2075 385 2094 ,
407 2040 496 2104 qui
514 2033 867 2086 nostrumnon
897 2037 1245 2104 compatiatur
1271 2031 1591 2084 cordolium?

115 2115 257 2167 Nam
286 2113 320 2166 fi
346 2113 657 2184 quandoque
681 2108 919 2164 humanat
944 2110 1315 2180 indulgendum
1341 2110 1590 2162 estimbe-

115 2194 305 2246 ciuitati
329 2232 341 2253 ‚
373 2205 429 2243 ut
458 2191 660 2243 obitum
689 2207 875 2242 eorum>
895 2230 908 2251 ‚
940 2209 1070 2261 quos
1098 2190 1281 2241 charos
1314 2187 1586 2250 habemus,

112 2270 360 2325 consolari
392 2269 765 2331 conemur,vel
793 2269 980 2321 funeris
1010 2272 1274 2321 curatione
1293 2266 1403 2329 ,vel
1425 2266 1588 2339 sepul-

110 2367 235 2403 turae
264 2353 583 2401 humanitate
600 2390 614 2409 ,
633 2347 718 2400 vel
742 2364 933 2419 pompa
958 2351 1291 2419 exequiarum
1310 2385 1322 2407 ‚
1342 2364 1455 2416 quae
1478 2365 1592 2398 ma·-⁴

110 2434 184 2498 gis
216 2427 329 2480 sunt
361 2425 532 2479 solatia
559 2427 819 2479 Vivorum
848 2467 862 2488 ,
903 2430 1061 2497 quam
1102 2424 1316 2477 sublidia
1348 2432 1584 2475 mortuo÷

111 2525 257 2567 rum,
295 2510 481 2577 potiori
506 2509 839 2558 conniventiav
867 2506 974 2557 haec
998 2545 1010 2565 ,
1051 2507 1101 2556 &
1135 2503 1331 2572 majora
1359 2502 1473 2553 sunt
1502 2515 1583 2554 to-

111 2586 314 2637 leranda
333 2626 346 2646 ‚
372 2584 407 2636 fi
434 2585 564 2635 forte
597 2581 745 2635 bonae
777 2584 1147 2656 expectationis
1175 2582 1374 2651 juvenis
1406 2584 1456 2631 in
1475 2580 1586 2651 ipso

111 2663 453 2718 adolescentiae
485 2662 614 2716 flore>
637 2676 824 2736 morte
852 2665 1073 2734 rapiatur
1103 2660 1282 2712 acerba
1312 2679 1327 2722 ς
1367 2676 1576 2730 parcen-

1380 2736 1504 2788 dum
