2134 3324
489 238 554 272 12

403 301 638 371 corporis
683 297 925 351 servitute
977 296 1252 366 gratiosam
1300 307 1489 369 putant
1533 297 1888 353 manumiffio·

400 396 522 430 nem
541 416 554 429 .
583 378 703 429 Hoc
733 394 898 429 unum
930 380 1142 430 minime
1170 378 1490 431 reticendum
1511 416 1523 429 .
1561 378 1616 429 ln
1646 385 1890 432 extremis

400 456 497 509 suae
519 459 703 507 mortis
729 456 996 524 angustiis»,
1026 459 1077 510 in
1109 476 1171 509 eo
1198 456 1440 510 luctuoso
1466 456 1751 510 discrimine
1779 499 1793 520 ,
1836 464 1887 515 in

399 553 508 604 quo
535 537 584 586 &
618 532 890 588 fortiffima
921 535 1137 606 pectora
1170 536 1449 609 opplentur
1477 537 1753 608 pavoribus
1771 577 1785 599 ,
1812 542 1886 589 in-

399 613 569 666 victus
601 613 822 666 Carolus
849 654 864 675 ‚
892 628 1031 666 totus
1057 613 1179 667 Deo
1202 656 1224 677 ,,
1261 630 1400 669 totus
1427 615 1522 668 suae
1552 619 1728 669 animae
1747 656 1760 676 ‚
1792 617 1889 668 Re-

399 690 588 761 ligiofis
636 692 867 765 Deiparae
913 693 1300 766 Redemptionis
1358 698 1683 767 captivorum
1732 695 1890 747 Soda-

397 768 529 822 libus
561 810 575 832 ,
615 789 746 842 quos
788 772 1003 826 Viennae
1051 773 1256 827 colebat
1289 814 1304 836 ‚
1350 773 1420 826 sui
1456 774 1642 845 peculii
1684 790 1884 844 partem

400 848 595 901 ultimis
614 890 629 911 ‚
658 864 717 903 ut
750 856 922 922 potuit
941 890 953 911 ‚
969 856 1254 924 properatis
1278 852 1492 913 tabulis,
1513 852 1729 922 legavit.
1761 853 1890 905 Non

397 947 539 981 nova
570 941 746 981 tamen
777 929 1053 983 illustrium
1086 933 1423 1001 Sangriorum
1452 951 1573 1001 erga
1600 932 1750 983 Sacra
1778 931 1893 983 loca

398 1005 703 1069 liberalitas»,
733 1009 878 1078 cujus
915 1025 1154 1063 enarrent
1189 1011 1301 1071 alii,
1337 1014 1386 1064 δε
1413 1011 1622 1063 laudent
1652 1014 1891 1063 innume-

396 1104 482 1144 ra,
509 1104 624 1154 quae
652 1086 903 1146 sentiunt,
942 1088 1206 1157 exempla.
1244 1089 1364 1154 Ego
1390 1106 1516 1157 quas
1550 1092 1601 1137 in
1637 1106 1756 1138 meo
1790 1090 1888 1139 Or·

401 1163 516 1215 dine
547 1163 700 1232 hujus
729 1160 1070 1219 lllustriffimae
1103 1165 1291 1216 Gentis
1318 1165 1594 1236 ampliores
1626 1164 1892 1235 conspicio

399 1240 779 1294 munificentias
812 1281 827 1302 ‚
867 1246 1075 1311 ingrato
1115 1242 1313 1295 filentio
1357 1247 1617 1314 praeterire
1653 1261 1758 1295 non
1807 1245 1893 1295 de-

397 1320 498 1372 beo
526 1359 539 1372 .
580 1319 885 1373 Recolendae
928 1325 1193 1374 memoria:
1236 1321 1498 1374 Oderifius
1535 1322 1597 1374 de
1642 1322 1891 1391 Sangrio,

397 1399 598 1452 Sanctae
621 1399 870 1452 Romana:
896 1398 1136 1454 Ecclefiae
1161 1400 1446 1455 Cardinalis
1466 1442 1479 1463 ‚
1499 1402 1548 1453 8<
1569 1399 1746 1454 Cafini
1783 1401 1892 1454 Ab·

397 1477 486 1529 bas
511 1475 826 1550 ampliffimis
848 1478 1156 1550 Toparchiis
1200 1478 1335 1531 idem
1377 1480 1755 1533 Monasterium
1800 1479 1893 1543 doss

398 1561 580 1610 navit:
624 1556 916 1611 Oderifium
959 1562 1188 1612 imitatus
1225 1577 1387 1630 prope
1425 1556 1586 1611 finem
1630 1558 1891 1612 undecimi

398 1636 554 1688 seculi
584 1637 779 1690 Comes
804 1637 1055 1690 Berardus
1096 1639 1159 1690 de
1185 1638 1400 1706 Sangrio
1427 1676 1442 1698 ‚
1483 1639 1535 1691 &
1560 1633 1798 1689 ditiffima
1826 1636 1894 1688 la-

399 1714 614 1767 tifundia
640 1716 823 1786 adjecit
842 1752 857 1767 .
897 1716 1058 1769 Haud
1083 1730 1260 1769 tamen
1287 1720 1480 1771 mirum
1508 1755 1523 1777 ‚
1550 1733 1672 1766 nam
1706 1715 1743 1768 fi
1769 1717 1892 1768 San-

399 1797 634 1862 griorum
672 1793 907 1856 soboIeS,
942 1795 1214 1865 postquam
1245 1795 1307 1847 ab
1339 1793 1624 1865 Arnulpho
1650 1795 1889 1863 Burgun-

399 1872 490 1924 diae
523 1874 672 1924 Duce
708 1873 896 1933 recisa,
927 1871 1125 1924 ltaliam
1152 1877 1313 1942 coepit
1337 1872 1582 1925 illustrare
1613 1912 1627 1933 ‚
1667 1873 1733 1925 ob
1764 1892 1892 1943 prae-

398 1950 536 2003 clara
565 1953 671 2021 ejus
698 1951 861 2017 gesta,
887 1952 937 2002 &
964 1949 1159 2002 foedera
1185 1968 1305 2002 cum
1332 1951 1650 2022 Principibus
1681 1951 1893 2019 Longo-

397 2028 565 2081 bardis
600 2029 824 2081 obtinuit
855 2068 870 2089 ‚
914 2046 1020 2079 non
1073 2027 1239 2080 solum
1281 2027 1652 2100 ampliffimum
1690 2028 1891 2081 Marso-

397 2126 516 2159 rum
549 2109 878 2160 Comitatum
897 2108 1110 2169 ‚verum
1136 2111 1290 2160 etiam
1320 2126 1534 2161 omnem
1560 2107 1691 2159 illius
1722 2111 1889 2175 regio-

397 2189 478 2239 nis
509 2187 736 2240 nauum
767 2227 781 2248 ‚
818 2204 976 2257 quem
1016 2185 1161 2239 alluit
1192 2188 1415 2255 Sangrus
1445 2227 1460 2249 ,
1500 2189 1528 2239 a
1559 2204 1666 2257 quo
1697 2185 1886 2237 familia

398 2265 536 2317 hanc
568 2284 761 2319 novam
788 2265 1238 2320 nomenclaturam
1267 2271 1492 2338 accepit,
1521 2283 1727 2336 aequum
1759 2264 1886 2326 fuit,

398 2358 458 2396 ut
490 2344 636 2404 Deo,
662 2344 907 2397 universae
936 2346 1113 2398 Terrae
1139 2345 1377 2397 Domino
1407 2386 1421 2407 ‚
1462 2345 1650 2416 aliquid
1679 2343 1751 2396 sui
1779 2363 1888 2396 am-

399 2422 604 2494 plissimi
637 2425 936 2477 Patrimonii
963 2423 1312 2476 consecraret.
1341 2423 1558 2477 Avitam
1589 2427 1745 2492 igitur
1777 2423 1888 2491 glo-

399 2506 528 2553 riam
558 2542 572 2562 ,
602 2503 654 2555 &
692 2500 1102 2556 munificentiam
1137 2503 1474 2570 Sangriorum
1508 2543 1523 2565 ,
1555 2505 1606 2555 86
1650 2521 1743 2554 aere
1778 2540 1792 2561 ‚
1835 2503 1887 2553 δε

400 2579 643 2649 sanguine
676 2582 897 2633 Carolus
929 2602 1035 2635 non
1063 2579 1350 2649 obsignavit
1381 2622 1395 2644 ‚
1424 2582 1507 2635 sed
1541 2579 1701 2634 veluti
1731 2583 1756 2631 a
1790 2579 1887 2631 Po-

400 2658 538 2713 steris
565 2663 710 2713 omni
728 2680 839 2715 aevo
861 2661 1198 2715 refricandam
1215 2701 1228 2723 ‚
1245 2661 1411 2716 voluit
1437 2672 1741 2718 renovatam
1760 2697 1772 2709 .
1791 2658 1888 2710 Sed
1914 2676 1915 2679 ¹

1701 2737 1811 2789 haec
