2134 3324
464 280 533 311 22

384 343 432 392 &
461 337 707 408 Josephus
739 334 1005 408 Capycius
1023 373 1035 394 ,
1063 331 1477 402 gloriosissimam
1506 348 1686 383 necem
1710 350 1805 402 pro
1832 351 1920 403 pa-

384 422 488 470 triae
525 416 761 468 felicitate
794 413 1162 464 occumbentes
1197 452 1210 473 ‚
1253 411 1452 462 felicem
1494 424 1670 462 tamen
1696 416 1918 481 patriam

386 516 491 549 non
535 493 872 564 aspexerunt3
907 509 1114 562 aequum
1142 491 1238 552 est,
1258 504 1315 543 ut
1341 488 1458 560 ipfis
1486 490 1614 560 justa
1640 489 1920 560 parentalia

383 576 608 627 restituat
625 573 820 624 Comes
834 572 1226 640 WirricuS,qui
1255 568 1547 621 felicitatem
1576 574 1749 639 patriae
1781 569 1917 622 resti-

384 659 512 707 tuit:
554 652 733 722 quod,
762 670 822 701 ne
866 649 1196 720 quorundam
1226 662 1398 699 mente
1439 645 1640 700 fortasse
1685 648 1918 700 excidere

383 736 654 799 contingat
685 771 698 791 ,
742 733 850 799 quo
880 732 1128 799 temporis
1156 728 1374 780 edacitas
1404 745 1509 778 non
1538 730 1782 797 pertingit
1811 765 1825 788 ,
1859 744 1919 779 ac

382 831 448 863 ne
483 809 770 880 longinqua
787 825 1203 860 commemorem
1222 826 1233 859 :
1249 806 1353 859 sola
1370 809 1786 876 propugnatione
1804 805 1922 859 Au-

385 890 538 960 gustae
574 888 928 941 Taurinorum
944 927 957 948 ‚
976 885 1255 939 Gallorum
1277 887 1506 938 exercitu
1522 924 1535 945 ‚
1552 897 1665 936 tum
1690 888 1923 937 maximo

386 980 669 1040 apparatu,
700 981 813 1018 tum
849 967 1230 1037 Imperatorum
1255 963 1587 1025 fortitudine,
1617 961 1803 1015 robore
1831 967 1924 1016 mi-

385 1047 535 1100 litum
561 1045 853 1116 ‚splendore
882 1063 1151 1095 armorum
1183 1039 1563 1112 potentiffimo,
1590 1042 1678 1093 dih
1705 1040 1923 1104 obsessae,

388 1126 449 1176 de
481 1127 696 1176 Wirrici
745 1126 955 1174 nomin‘e
987 1120 1128 1174 nulla
1153 1125 1386 1191 unquam
1434 1134 1552 1172 aetas
1585 1121 1925 1173 conticescet.

388 1205 472 1256 Ex
499 1203 860 1255 Taurinorum
891 1204 1082 1252 etenim
1113 1213 1308 1250 eventu
1337 1240 1350 1261 ,
1388 1213 1446 1252 ut
1478 1218 1555 1250 res
1581 1198 1923 1259 docuit,-non

385 1282 547 1334 modo
584 1279 1109 1349 Transpadanorum,
1143 1277 1225 1330 sed
1255 1279 1304 1329 &
1341 1281 1500 1331 totius
1528 1277 1681 1330 Italiae
1703 1317 1716 1338 ,
1735 1281 1844 1329 imo
1873 1281 1925 1331 ὃς

386 1361 664 1413 meliorum
695 1359 917 1428 Europae
948 1358 1339 1409 Provinciarum
1365 1357 1505 1409 casus
1532 1356 1813 1426 pendebat,
1842 1356 1924 1410 vel

384 1439 590 1492 libertas
609 1478 620 1490 .
656 1438 731 1490 At
763 1433 1018 1488 fortiffimi
1051 1436 1266 1487 Wirrici
1297 1436 1459 1488 robur
1479 1474 1493 1496 ,
1519 1439 1712 1494 virtus,
1740 1435 1924 1487 aucto-

387 1524 506 1571 ritas
533 1558 547 1580 ,
571 1517 779 1570 felicitas
810 1556 823 1576 ‚
856 1514 974 1567 fufis
997 1514 1277 1567 Gallorum
1320 1518 1476 1585 copiis
1506 1552 1520 1574 ‚
1564 1515 1613 1566 &
1647 1513 1922 1566 Coelitibus

387 1597 681 1650 faventibus
717 1635 730 1656 ,
773 1613 1081 1646 communes
1110 1598 1324 1645 timores
1357 1595 1644 1660 abegerunt
1669 1631 1684 1653 ,
1726 1593 1920 1663 nosque

389 1695 527 1729 nova
553 1676 704 1744 Regis
738 1673 896 1725 nostri
926 1671 1104 1725 Caroli
1133 1675 1524 1739 inauguratione
1568 1671 1783 1741 pristinae
1813 1671 1922 1723 red·

387 1756 630 1807 diderunt
659 1753 883 1804 felicitati
908 1789 921 1801 .
963 1750 1055 1802 Nil
1085 1755 1240 1820 igitur
1269 1752 1414 1802 vobis
1444 1790 1458 1811 ‚
1500 1747 1920 1801 Constantiffime

390 1833 613 1894 Carole,
633 1831 852 1900 Josephe
886 1829 1189 1890 fortissime,
1218 1833 1267 1881 in
1298 1831 1400 1881 hoc
1432 1830 1714 1880 honorario
1742 1828 1919 1880 funere

389 1911 549 1964 defuit
583 1950 597 1962 .
640 1909 828 1964 Adfuit
869 1907 1189 1959 sacerdotalis
1231 1911 1454 1978 expiatio
1485 1945 1500 1968 ‚
1542 1906 1693 1975 Regis
1731 1908 1921 1967 Pietas,

387 1993 605 2043 Wirrici
634 1986 926 2040 sollicitudo
952 2024 965 2048 ‚
1006 1986 1216 2039 Civium
1248 1985 1450 2057 plausus
1477 2024 1490 2038 .
1530 1986 1650 2037 Una
1685 1985 1922 2038 Oratoris

392 2070 554 2123 defuit
583 2066 830 2125 industria
848 2105 870 2129 ,Ἰ
