2134 3324
460 1154 641 1208 1V1NA
692 1166 945 1201 terrarum
991 1152 1127 1202 orbis
1174 1152 1414 1222 Princeps
1445 1149 1654 1203 Volua:

187 1248 191 1256 “
234 1283 241 1294 ,
290 1241 388 1290 Ἃ]
520 1242 596 1280 tas
623 1268 635 1289 ‚
669 1247 781 1298 quae
809 1224 1054 1279 altiffimis
1088 1228 1303 1280 confiliis
1335 1269 1348 1289 ‚
1390 1230 1653 1300 stabilique

223 1300 239 1308 ⁸
311 1301 327 1327 ³

179 1372 246 1458 Γ(
286 1372 302 1422 ’-
371 1446 395 1456 ᾗ
516 1400 660 1438 ratur
689 1424 703 1446 ,
745 1402 963 1455 quaeque
988 1423 1003 1445 ,
1045 1397 1102 1436 ut
1141 1402 1262 1436 cum
1289 1384 1537 1455 Prospero
1575 1386 1651 1437 lo-

244 1462 255 1471 ’
439 1461 453 1464 ’
517 1483 672 1535 quar,
698 1458 872 1516 rerum
900 1476 1060 1515 metas
1086 1463 1256 1515 secum
1285 1464 1470 1525 habet,
1488 1467 1538 1516 &
1557 1483 1652 1516 nu-

164 1560 335 1594 meros
355 1581 369 1603 ‚
386 1547 569 1614 cuique
596 1543 710 1596 adra
726 1584 739 1604 ‚
755 1545 804 1595 ὃς
826 1543 1022 1611 agenda
1047 1541 1198 1595 fimul
1223 1539 1480 1603 affistunt,
1519 1562 1651 1596 nun-

162 1626 320 1692 quizm
349 1623 495 1674 nobis
528 1621 922 1675 admirationem
957 1622 1058 1684 sui,
1088 1626 1546 1675 venerationemve
1576 1626 1649 1675 in-

160 1714 388 1771 gereret,
408 1700 496 1752 nifi
519 1701 831 1772 quandoque.
853 1720 940 1772 per
959 1705 1070 1755 vias
1084 1700 1649 1773 incomprehensibiles,

161 1780 423 1831 theatrum
455 1780 600 1832 nobis
628 1785 946 1850 aperiret‚in
973 1799 1080 1850 quo
1108 1781 1191 1834 vel
1219 1781 1306 1833 diu
1334 1785 1507 1854 cupita
1541 1778 1650 1852 pof-

162 1857 381 1910 fidemus
409 1898 422 1920 ‚
453 1858 536 1910 vel
573 1858 750 1910 multis
786 1899 800 1919 ‚
832 1877 945 1929 quae
979 1858 1123 1910 nobis
1156 1874 1299 1927 grata
1333 1860 1649 1919 obveniunt,

164 1937 396 1989 laetamur
426 1935 702 2008 impenslhs
718 1975 729 1988 .
748 1937 1018 2007 Cupiditas
1044 1941 1182 1987 enim
1202 1937 1371 1987 nostra
1390 1976 1402 1996 ‚
1419 1955 1532 2006 quae
1553 1954 1649 1988 nec

163 2013 397 2084 expletur
415 2055 428 2074 ,
453 2035 546 2067 nec
573 2016 781 2067 satiatur
808 2033 1041 2085 unquam
1060 2014 1245 2074 ‚futuri
1265 2014 1402 2066 haud
1432 2018 1648 2087 patiens,

165 2094 289 2144 dum
317 2093 416 2144 dies
435 2132 450 2152 ,
478 2092 559 2145 vel
593 2094 722 2145 hora
740 2134 753 2154 ‚
784 2112 957 2146 rerum
975 2133 989 2154 ‚
1020 2110 1143 2164 quas
1173 2093 1445 2163 expefflfflt,
1473 2106 1648 2164 prote-

163 2171 234 2223 lat
265 2170 468 2222 usuram
486 2211 500 2232 ,
517 2189 641 2225 mox
662 2172 741 2225 vel
769 2172 1052 2224 defiderata
1078 2170 1333 2242 desperat,
1353 2171 1435 2224 Vel
1462 2171 1524 2222 ad
1553 2169 1648 2223 alia

164 2249 423 2301 declinans
453 2265 670 2302 Ventura
696 2254 1019 2316 contemnit3
1055 2249 1295 2302 mirabilis
1327 2254 1454 2302 verb
1483 2250 1648 2311 Deus,

166 2344 223 2380 ut
258 2328 539 2399 sapientiae,
568 2330 886 2401 scientiaeque
916 2330 1013 2381 suae
1041 2328 1313 2381 altitudine*
1340 2328 1647 2380 mortalium

166 2426 324 2475 genus
342 2446 354 2466 ,
388 2411 563 2458 omnia
587 2408 680 2460 sese
710 2422 903 2461 aeterno
930 2407 1140 2460 confilio
1169 2427 1343 2475 regere
1361 2447 1372 2467 ‚
1404 2410 1455 2459 δε
1482 2408 1510 2455 ’Σι
1539 2404 1645 2459 fine

165 2487 324 2555 usque
353 2486 414 2536 ad
440 2484 599 2537 finem
625 2487 885 2558 disponere
909 2527 923 2548 ,
970 2487 1184 2538 edoceat
1212 2525 1227 2546 ‚
1272 2485 1442 2536 causas
1485 2483 1644 2536 caufis

167 2563 431 2614 inneffens
460 2604 473 2624 ,
498 2583 589 2635 per
624 2569 793 2617 varios
819 2579 1103 2618 eventuum
1135 2604 1147 2625 ,
1176 2562 1336 2616 veluti
1382 2562 1643 2615 tortuosos

167 2640 426 2695 anf1·ac⁰tus
446 2682 460 2704 ,
490 2661 682 2716 perque
709 2649 881 2699 varios
906 2646 1226 2697 currentium
1246 2683 1261 2705 ‚
1289 2645 1339 2695 δε
1378 2660 1644 2695 recurren-

955 2722 1011 2776 A
1439 2724 1570 2771 tium
