2134 3324
1508 223 1536 268 7

148 284 211 336 ad
244 281 447 335 laudem
486 284 754 335 Bonorum
785 299 1032 353 pronam,
1071 287 1293 344 morari,
1329 286 1453 355 quin
1491 287 1621 336 inter

151 367 452 414 innumeros
485 362 580 413 suae
618 361 817 413 ditionis
852 359 1126 414 laudabiles
1162 362 1316 416 Viros
1348 402 1362 424 ,
1398 361 1620 415 Carolus

153 442 214 492 de
258 443 470 511 Sangrio
511 441 608 492 hac
650 441 799 510 Regis
851 439 1213 494 benevolentia
1267 444 1452 511 potiori
1508 441 1619 511 jure

153 520 386 573 fruatur.
420 521 675 587 Sanguine
711 523 847 572 enim
882 518 1075 581 claru3‚
1108 525 1312 590 ingenio
1352 519 1622 581 excellenS‚

152 603 343 652 virtute
382 598 745 661 consumatus,
783 603 845 650 eo
879 598 949 650 sui
985 599 1265 666 gloriosum
1303 600 1529 670 depinxit
1558 598 1620 650 fi-

150 678 439 730 mulacrum
463 718 476 739 ‚
510 692 567 730 ut
601 678 671 730 nil
707 676 864 738 defit,
902 678 1043 749 quod
1079 682 1129 730 in
1163 678 1268 751 ipso
1302 679 1620 731 admirentur

148 756 416 827 praesentes
438 796 451 817 ‚
488 756 749 828 nihilque,
786 757 927 828 quod
961 757 1144 827 posteri
1173 761 1441 809 imitentur
1475 795 1489 808 .
1537 756 1622 809 Ex

146 833 445 888 Parentibus
484 841 614 890 inter
644 837 908 906 Majore8‚
943 838 1264 889 Potentiores
1286 875 1300 897 ,
1340 854 1397 887 ac
1434 833 1623 886 Melio-

146 932 226 965 res
255 929 404 967 natus
425 954 438 975 ‚
458 916 815 968 educationem
844 916 1047 968 sortitus
1074 916 1141 968 est
1169 911 1622 985 diligentiffimam,

143 996 304 1044 vitam
345 995 489 1046 duxit
521 992 921 1047 honestiffimam
945 1035 958 1056 ,
995 1008 1221 1047 mortem
1252 997 1465 1065 oppetiit
1498 1011 1621 1044 con·

141 1069 493 1123 stantiffimam
527 1114 540 1132 ‚
577 1087 629 1124 at
666 1074 847 1125 melius
885 1078 936 1125 in
970 1078 1161 1126 civium
1203 1077 1455 1124 memoria
1494 1074 1622 1125 vivit

141 1148 601 1214 Veneratissimus5
624 1150 832 1217 quando
865 1149 1037 1219 quaeso
1076 1149 1250 1202 nostro
1280 1153 1454 1201 animo
1486 1153 1621 1201 exci-

138 1227 255 1279 dere
295 1241 541 1297 poterunt
572 1227 985 1296 incomparabilis
1016 1227 1195 1278 Caroli
1223 1228 1358 1296 gesta
1388 1227 1621 1298 praestan-

136 1306 326 1356 tissima
362 1310 383 1356 ?
421 1304 524 1357 Vix
560 1308 698 1356 enim
733 1309 963 1375 quinque
1004 1304 1100 1357 suae
1139 1309 1295 1356 aetatis
1328 1304 1620 1375 compleve-

134 1397 213 1435 rat
242 1384 394 1436 lustra
413 1424 426 1445 ‚
447 1383 685 1444 Gnarus,
719 1381 806 1434 fibi
838 1385 1058 1436 Patriam
1082 1424 1095 1445 ,
1129 1402 1225 1455 pro
1253 1387 1412 1435 animi
1446 1383 1516 1434 sui
1537 1402 1619 1435 ro-

136 1462 263 1516 bore
299 1463 573 1516 nutriendo
609 1503 623 1524 ‚
662 1464 934 1533 nunquam
970 1477 1326 1535 opportunam
1363 1461 1472 1514 fore
1507 1502 1521 1523 ‚
1565 1464 1618 1514 δε

133 1541 322 1595 militiae
342 1583 355 1604 ,
381 1561 539 1614 quam
564 1541 826 1612 deperibat
846 1581 860 1603 ,
896 1543 1170 1613 nunquam
1202 1538 1495 1593 occasiones
1533 1559 1619 1592 na-

135 1620 378 1680 &ururm
414 1624 586 1693 patriae
626 1619 1018 1674 oblectamentis
1040 1661 1055 1683 ‚
1088 1622 1275 1674 domus
1308 1619 1618 1681 commodis,

133 1704 422 1752 amicorum
454 1698 634 1752 officiis
668 1701 739 1752 nil
775 1700 1082 1772 praepeditus
1110 1742 1124 1762 ‚
1167 1699 1378 1752 Caesaris
1419 1698 1619 1752 Aulam

131 1779 288 1846 adiit5
316 1793 443 1830 tunc
468 1783 722 1850 praecipue
755 1798 879 1830 cum
909 1779 1103 1831 bellum
1134 1784 1393 1832 turcicum
1419 1782 1470 1830 in
1489 1780 1618 1830 Pan-

130 1861 285 1909 nonia
317 1858 601 1910 cervicibus
632 1857 1048 1909 Christianorum
1085 1858 1382 1910 minabatur
1404 1896 1419 1916 ,
1444 1857 1617 1926 ibique

133 1939 361 2005 primum
395 1937 585 1989 militiae
618 1954 811 1987 nomen
843 1935 1006 1987 dedit.
1032 1937 1247 1986 Utinam
1273 1941 1306 1986 ὸ
1333 1936 1488 1987 Cives
1515 1938 1617 1986 hoc

131 2013 309 2065 Caroli
343 2019 608 2081 ingenium
652 2013 914 2083 speculum
958 2013 1092 2065 foret
1122 2017 1176 2065 iis
1209 2053 1223 2075 ,
1266 2018 1354 2084 qui
1390 2012 1615 2066 molliter

131 2096 339 2152 nutriti,
369 2093 504 2162 apud
535 2105 795 2144 maternos
824 2092 953 2144 lares
980 2089 1328 2164 puellascunt,
1357 2093 1409 2143 δε
1439 2095 1615 2162 patriae

130 2169 408 2222 absceffum
427 2210 440 2231 ,
464 2171 621 2223 veluti
652 2171 910 2224 ostentum
938 2171 1185 2237 horrent5
1213 2168 1419 2242 possunt
1444 2169 1617 2222 homi·

127 2268 217 2301 nes
249 2269 346 2321 pro
373 2249 523 2301 lucris
542 2290 554 2311 ‚
574 2252 624 2303 &
644 2250 932 2320 quaestubus
963 2250 1211 2302 faciundis
1237 2253 1392 2301 maris
1409 2288 1423 2310 ‚
1441 2260 1616 2301 terrae-⁶

130 2345 231 2396 que
251 2328 501 2399 'periculis
524 2333 684 2382 vitam
712 2330 1011 2400 prostituere
1049 2348 1065 2395 3
1102 2329 1291 2380 debent
1323 2331 1480 2397 igitur
1512 2367 1527 2389 ‚
1562 2325 1615 2379 δὲ

131 2407 312 2458 saniori
343 2405 581 2468 consilio,
606 2427 701 2478 pro
726 2407 891 2477 gloria
917 2409 992 2461 his
1017 2409 1216 2478 majora
1242 2411 1462 2481 arripere
1480 2446 1494 2466 ‚
1524 2423 1613 2458 ve-

131 2484 223 2537 luti
240 2485 461 2537 Carolus
486 2485 545 2537 de
566 2487 910 2558 Sangrio‚qui
939 2487 1186 2539 tredecim
1217 2502 1476 2537 annorum
1496 2502 1614 2536 cur-

132 2563 352 2616 riculum
380 2568 430 2616 in
456 2564 592 2617 bello
618 2571 912 2635 pannonico
941 2571 1004 2617 eo
1031 2564 1224 2616 consilii
1257 2568 1308 2616 in
1335 2562 1612 2634 providen-

130 2642 199 2694 do
212 2682 226 2705 ,
241 2643 511 2697 celeritatis
535 2647 586 2697 in
603 2642 930 2722 conficiendo
947 2684 960 2706 ,
974 2644 1226 2697 industriae
1241 2646 1294 2696 in
1311 2641 1513 2713 agendo
1529 2682 1541 2701 ,
1555 2660 1613 2695 ac

1399 2720 1545 2773 forti-
