2134 3324
1505 274 1523 307 1
1544 275 1563 308 1

169 332 276 392 nim
302 330 421 409 {Juia
445 339 497 389 in
527 354 588 388 eo
613 332 750 388 bello
781 328 940 389 vitain
967 331 1296 395 consecrare}
1323 352 1416 406 pro
1447 333 1651 404 religio-

170 437 233 470 ne
267 415 479 488 putabat
505 455 519 477 ,
546 413 760 468 vulnera
791 414 1018 484 suscepta
1049 454 1063 475 ‚
1095 414 1158 466 ad
1186 414 1384 484 majora
1407 418 1651 486 arripien-

171 495 490 557 da,fuerunt
513 498 855 546 irritamenta.
888 492 1099 546 Coelesti
1128 506 1303 545 tamen
1330 512 1544 545 munere
1576 493 1650 545 fa-

172 574 321 628 &um
348 586 477 644 puto
505 612 519 633 ‚
549 587 607 625 ut
634 576 660 624 ὲ
691 586 770 626 tot
800 612 814 633 ‚
857 572 1110 643 tantisque
1142 576 1192 624 in
1237 592 1298 625 eo
1323 572 1459 623 bello
1489 571 1651 624 susce-

169 658 270 725 ptis
302 649 537 723 periculis
567 691 583 714 ‚
622 655 771 704 vivus
811 650 1035 703 Carolus
1067 650 1279 703 evaserit
1303 691 1317 711 ‚
1355 651 1417 702 ad
1453 652 1651 722 majora

170 731 445 784 strvandus
469 749 566 802 pro
594 730 691 783 suae
715 734 890 801 patriae
921 729 1190 790 felicitate,
1223 748 1380 800 quam
1409 750 1514 783 non
1548 734 1650 802 pri-

167 823 293 863 vato
327 810 491 862 studio
517 850 532 871 ,
576 829 680 861 non
722 813 923 861 incertis
953 809 1246 861 rumoribus
1278 808 1489 861 adactus
1518 849 1532 869 ,
1567 809 1650 862 sed

165 888 402 960 suprema
426 889 549 956 Jura
574 889 920 943 vindicaturus
948 928 964 949 ‚
1001 887 1169 941 moliri
1201 906 1297 959 pro
1325 889 1514 940 viribus
1545 907 1651 941 coe-

161 971 275 1039 pit5
303 968 443 1039 quod
474 968 710 1039 equidem
732 1007 746 1029 ‚
774 967 861 1031 etfi
893 967 1075 1020 fortius
1104 967 1313 1035 aggredi
1344 1007 1357 1027 ,
1389 970 1548 1037 quam
1577 966 1649 1018 fe-

165 1046 310 1098 licius
340 1046 599 1099 absolvere
632 1047 850 1117 potuisse
869 1087 882 1107 ‚
908 1047 1125 1099 ostendit
1153 1060 1370 1098 eventus
1388 1086 1401 1106 ‚
1431 1065 1536 1098 non
1562 1065 1649 1098 au-

165 1125 316 1176 daciae
343 1124 488 1183 fane,
519 1124 599 1175 sed
627 1128 798 1193 potius
822 1139 1122 1194 temporum
1152 1128 1408 1194 iniquitati
1438 1137 1648 1177 verten-

163 1203 290 1254 dum
322 1202 373 1252 id
399 1199 495 1252 effe
522 1240 536 1261 ,
580 1220 687 1253 non
736 1203 806 1253 est
855 1206 942 1271 qui
982 1203 1211 1254 nesciat:
1253 1202 1476 1253 infestior
1508 1206 1647 1254 enim

159 1285 235 1334 vis
255 1319 270 1342 ,
302 1279 597 1332 vehementi
628 1278 760 1329 illius
793 1283 1041 1349 temporis
1078 1279 1196 1331 acta
1229 1281 1466 1348 cupidine
1495 1320 1509 1341 ,
1552 1300 1648 1332 vo-

158 1358 359 1411 lucrem
385 1357 689 1410 sententiam
716 1357 1014 1410 hominibus
1054 1357 1229 1428 saepius
1266 1357 1646 1411 subministran-

155 1451 210 1490 te
228 1477 243 1498 ,
278 1437 430 1506 longe
467 1428 638 1498 aliter,
665 1437 824 1507 quam
854 1436 972 1488 belli
997 1437 1110 1508 jura
1134 1437 1648 1508 paterentur,decer-

155 1517 417 1576 nendum,
444 1517 625 1568 adnixa
659 1517 758 1568 est:
786 1530 1103 1588 quapropter
1136 1514 1354 1567 conliliis
1386 1555 1400 1577 ‚
1444 1534 1496 1568 re
1524 1515 1647 1569 infe-

160 1595 246 1648 ‹sta
261 1635 275 1656 ,
289 1593 577 1666 patefactis,
600 1593 853 1648 violenter
879 1609 1108 1668 arreptus
1127 1635 1140 1656 ‚
1162 1594 1398 1647 hostilem
1427 1613 1646 1648 manum

158 1693 306 1746 aequo
354 1677 530 1726 animo
574 1673 734 1740 tulit3
777 1679 1154 1746 imperterritus
1199 1687 1375 1726 tamen
1421 1715 1435 1736 ‚
1481 1693 1645 1745 quan-

157 1758 233 1806 vis
280 1755 330 1806 &
377 1753 631 1805 inauditus
665 1793 679 1813 ‚
720 1773 813 1824 pro
856 1758 1030 1824 patriae
1056 1753 1361 1807 meditatum
1391 1758 1644 1826 propitio-

157 1835 200 1883 ri
235 1832 609 1884 commendans
653 1831 866 1883 confilio
895 1872 909 1892 ,
953 1851 1143 1901 magna
1179 1835 1251 1883 sui
1283 1837 1504 1885 nominis
1535 1831 1647 1901 glo-

158 1914 232 1961 ria
260 1951 274 1971 ‚
317 1928 604 1981 magnaque
647 1928 766 1975 erga
793 1911 1068 1962 AEternum
1114 1910 1329 1962 Numen
1370 1910 1645 1979 religione,

158 1995 461 2059 potentioris
489 1989 639 2055 gladii
673 1988 931 2039 licentiam
958 1985 1232 2039 fortiffimo
1267 1989 1476 2059 pectore
1511 1990 1645 2042 susti-

157 2071 271 2119 nuit
315 2105 327 2118 .
383 2067 432 2115 O
476 2067 819 2118 Christianam
862 2067 1040 2120 Caroli
1082 2066 1440 2120 Constantiam
1475 2108 1491 2129 ‚
1532 2086 1645 2137 quae

158 2148 341 2196 mortis
379 2144 618 2213 superans
649 2146 1027 2216 trepidamenta
1052 2187 1065 2207 ‚
1108 2164 1202 2197 nec
1233 2159 1456 2199 mortem
1492 2186 1507 2208 ‚
1548 2165 1642 2199 nec

159 2242 320 2291 genus
345 2222 490 2275 senfit
518 2228 699 2276 mortis
714 2263 726 2275 .
740 2225 1140 2278 Horreantvsane
1160 2228 1342 2276 mortis
1358 2224 1643 2296 spectrum,

159 2307 246 2372 qui
277 2306 545 2373 proprium
575 2303 776 2356 foeclatae
807 2308 922 2357 vitae
948 2304 1334 2356 nomen-sciunt
1369 2344 1384 2366 ‚
1423 2303 1534 2356 fore
1568 2303 1641 2357 sui

155 2381 345 2433 funeris
373 2383 663 2433 Praeconem
694 2403 710 2447 3
750 2382 966 2435 sentiant
1003 2387 1185 2435 mortis
1225 2382 1465 2435 terricula
1498 2423 1512 2444 ,
1551 2387 1642 2452 qui

157 2459 376 2532 pollutas
404 2459 474 2511 sui
500 2461 708 2513 Posteris
742 2461 1041 2533 relinquunt
1079 2466 1326 2529 imagines
1357 2482 1372 2528 5
1418 2475 1470 2512 at
1511 2466 1640 2514 vero

160 2543 251 2609 qui·
289 2538 651 2591 conscientiam
700 2540 829 2592 bene
867 2542 992 2593 actae
1034 2544 1149 2592 vitae
1181 2579 1195 2600 ‚
1239 2539 1636 2610 multorumque

159 2617 553 2669 benefactorum
606 2620 1014 2672 recordationem
1068 2618 1292 2670 sentiunt
1342 2616 1638 2689 jucundiffi·

160 2713 307 2748 mum
338 2736 351 2757 ‚
393 2695 552 2750 veluti
590 2696 812 2750 Carolus
845 2700 1089 2765 Sangrius
1110 2737 1123 2759 ,
1167 2711 1394 2751 mortem
1424 2698 1582 2769 ipsam
1610 2700 1639 2750 a

936 2777 976 2828 B
1057 2795 1089 2828 2
1448 2794 1563 2829 cor-
