2134 3324
502 196 533 230 2

421 260 555 307 tium
584 258 933 306 mutationum
959 249 1127 306 flexus
1146 293 1160 316 ‚
1189 254 1238 307 id
1270 253 1386 307 sane
1414 255 1614 326 praestat
1639 295 1653 319 ‚
1678 270 1735 311 ut
1764 257 1864 311 dies
1886 300 1901 322 ,

423 333 504 385 vel
531 335 662 385 hora
683 333 829 385 nobis
847 337 1131 404 improviso
1152 334 1400 387 concedat
1417 335 1587 405 ,quod
1601 350 1724 389 tune
1752 356 1901 409 expe·

423 411 562 464 (stare
582 451 595 472 ‚
611 430 702 462 nec
729 412 1036 482 putabamus
1053 451 1065 465 .
1080 415 1126 465 Si
1143 427 1297 467 tantae
1316 414 1529 485 quidem
1550 420 1773 469 veritatis
1792 436 1900 469 non

421 493 836 542 ratiocinationes
858 491 1003 543 nobis
1020 533 1032 553 ‚
1063 511 1169 544 non
1196 493 1530 546 au&oritates
1550 534 1563 554 ,
1594 514 1700 547 non
1727 513 1899 547 exem-

418 569 503 640 pla
524 567 1005 640 suppeterent‚quis
1035 590 1220 640 negare
1249 572 1455 625 audebit
1473 591 1566 634 ‚ex
1595 573 1696 624 hoc
1715 573 1902 635 solum,

420 647 562 717 quod
589 647 741 698 hodie
774 652 825 699 in
854 649 950 700 hac
983 651 1133 702 Sacra
1161 649 1368 703 Basilica
1398 651 1736 723 conspicimus
1764 693 1779 713 ,
1815 651 1903 704 fir-

419 721 705 777 miffimum
739 728 941 780 cunetis
978 730 1296 782 emersurum
1333 730 1535 782 Divinae
1561 731 1899 784 Providentiae

420 820 790 872 argumentum
818 846 831 867 ‚
860 807 1004 877 cujus
1033 849 1046 870 ‚
1074 811 1123 862 ὃς
1148 808 1184 860 fi
1213 812 1433 880 pretium
1461 809 1594 862 foret
1621 851 1635 872 ‚
1673 813 1902 861 tenacius

419 883 755 936 evaderemus
785 884 1075 939 Affertores
1095 928 1107 937 .
1138 889 1494 959 Exequiarum
1524 888 1661 956 Justa
1679 927 1694 950 ,
1719 889 1904 959 quibus

421 962 546 1014 tristi
575 962 1139 1024 vultu7Humaniffimi
1169 965 1698 1029 Proceres‚affidetis,
1726 986 1906 1037 quaeve

422 1059 521 1109 ego
535 1081 548 1102 ,
563 1046 935 1112 praeteritarum
955 1046 1310 1098 recordatione
1325 1064 1497 1097 rerum
1523 1046 1910 1107 interturbatus,

420 1118 682 1168 lamentor
711 1157 725 1178 ,
757 1119 794 1168 fi
822 1120 1017 1170 nescitis
1054 1157 1068 1179 ,
1099 1119 1166 1170 fic
1192 1121 1362 1170 voluit
1392 1125 1614 1172 excitata
1640 1122 1911 1176 Inviffiffi-

422 1214 539 1249 mus
568 1195 819 1248 CARorus
850 1196 1099 1248 TERTius
1133 1237 1146 1256 ‚
1181 1196 1546 1268 Hispaniarum
1566 1239 1579 1259 ‚
1615 1201 1666 1252 &
1697 1200 1909 1271 Neapo-

422 1273 482 1326 lis
507 1276 617 1327 Rex
642 1271 1043 1343 Augustiffimus
1074 1314 1088 1327 .
1126 1276 1183 1326 In
1216 1275 1317 1326 hoc
1348 1279 1519 1347 itaque
1546 1276 1686 1329 ferali
1712 1278 1909 1349 speeta-

425 1353 546 1405 culo
566 1391 580 1413 ,
603 1351 910 1422 funebrique
941 1372 1162 1425 pompa,
1190 1353 1420 1423 gloriosis
1450 1356 1700 1408 cineribus
1730 1358 1909 1410 Caroli

424 1431 485 1483 de
503 1432 716 1499 Sangrio
732 1471 744 1492 ‚
762 1434 787 1483 ὲ
809 1432 1362 1495 Ξειηᾶοἰυεὶἀεῃῑίυῐῃ,
1383 1434 1649 1506 &josephi
1667 1436 1908 1510 Capycii,

425 1514 453 1561 ὂ
485 1509 881 1562 Rofranentium
909 1512 1304 1565 Marchionibus
1323 1552 1337 1574 ,
1367 1513 1663 1565 Christiano
1695 1519 1793 1567 ritu
1824 1536 1910 1586 pa-

425 1604 724 1656 rentamus3
748 1590 824 1642 his
852 1589 1074 1643 Duobus
1091 1632 1107 1653 ,
1135 1593 1238 1663 qua
1267 1591 1564 1643 fortitudine
1584 1632 1598 1653 ,
1617 1597 1719 1663 qua
1748 1593 1910 1646 fideli-

423 1681 528 1721 tate
560 1669 853 1729 HeroibUS‚
871 1688 1001 1740 quos
1031 1671 1222 1722 humus
1249 1669 1593 1723 tumultuario
1624 1674 1910 1740 quondam,

426 1765 485 1798 ac
512 1752 673 1801 tacito
702 1754 902 1819 excepit
931 1749 1109 1800 funere
1127 1788 1140 1809 ‚
1159 1750 1270 1819 post
1289 1748 1533 1801 exaffitum
1561 1747 1774 1802 lustrum
1793 1792 1805 1812 ‚
1822 1771 1910 1803 an-

424 1844 662 1897 numque
689 1827 893 1879 alterius
920 1831 1050 1898 pene
1080 1826 1362 1879 secundum
1389 1867 1402 1887 ,
1429 1827 1709 1898 parentales
1741 1830 1909 1881 hono·

423 1923 503 1956 res
532 1905 827 1956 sollemniiis
853 1909 1133 1955 excitamus
1166 1941 1178 1954 .
1214 1905 1264 1954 O
1292 1923 1563 1975 nunquam
1589 1906 1702 1958 fatis
1736 1948 1749 1968 ,
1778 1912 1909 1960 inter

427 1978 727 2033 clariffimos
755 1982 919 2050 Reges
955 2021 969 2042 ‚
1010 1985 1196 2033 eximia
1222 1982 1506 2036 Austriacae
1532 1986 1718 2036 domus
1746 1987 1908 2038 Pietas

426 2060 844 2112 commendanda
869 2062 880 2109 2
925 2078 1036 2130 quae
1066 2064 1232 2122 certe,
1274 2062 1485 2116 instituti
1513 2066 1876 2116 immemorem
1895 2106 1908 2126 ,

428 2138 528 2189 alib
555 2152 756 2209 raperet
788 2140 1043 2210 Orantem
1079 2178 1093 2199 ,
1133 2144 1184 2191 ni
1223 2143 1405 2191 merita
1433 2139 1579 2192 laude
1610 2139 1908 2194 fortissimos

430 2216 586 2268 Viros
603 2256 615 2276 ‚
630 2220 761 2268 inter
787 2217 1008 2286 majores
1033 2217 1288 2270 bellorum
1308 2237 1454 2270 curas
1473 2220 1813 2273 cumulandos
1840 2222 1908 2273 es-

431 2295 477 2348 se
494 2294 605 2356 ,vel
634 2313 766 2347 unus
793 2296 1017 2348 Carolus
1043 2296 1359 2367 imperaffet.
1383 2297 1604 2351 Minime
1632 2317 1724 2351 vos
1750 2300 1905 2352 latere

430 2374 652 2445 arbitror
677 2374 748 2426 A.
766 2376 835 2426 A.
861 2378 913 2426 in
948 2376 1104 2442 Regia
1141 2377 1541 2429 Barchinonenfi
1577 2377 1745 2440 Aula,
1784 2380 1910 2431 dum

431 2453 491 2504 de
515 2471 709 2522 nupera
726 2453 1048 2523 expeditione
1077 2455 1322 2523 agebatur
1344 2454 1690 2528 Neapolitana
1709 2497 1721 2517 ,
1742 2476 1907 2509 unum

433 2535 670 2583 omnium
701 2531 947 2600 judicium
981 2573 995 2593 ‚
1033 2550 1298 2605 unumque
1331 2538 1460 2587 inter
1491 2536 1721 2605 Majores
1759 2536 1908 2587 Auli-

377 2649 381 2654 .
432 2627 520 2670 cos
557 2608 697 2663 fuisse
736 2609 1034 2664 consensum
1070 2652 1084 2674 ‚
1133 2613 1192 2665 de
1230 2612 1436 2666 militari
1460 2613 1658 2679 *scilicet
1706 2631 1911 2685 appara·

1742 2706 1799 2744 tl]
1816 2731 1831 2753 ,
