<?xml version="1.0" encoding="UTF-8"?>
<!DOCTYPE html PUBLIC "-//W3C//DTD XHTML 1.0 Transitional//EN"
    "http://www.w3.org/TR/xhtml1/DTD/xhtml1-transitional.dtd">
<html xmlns="http://www.w3.org/1999/xhtml" xml:lang="en" lang="en">
 <head>
  <title>
</title>
<meta http-equiv="Content-Type" content="text/html;charset=utf-8" />
  <meta name='ocr-system' content='tesseract 3.04.00' />
  <meta name='ocr-capabilities' content='ocr_page ocr_carea ocr_par ocr_line ocrx_word'/>
</head>
<body>
  <div class='ocr_page' id='page_1' title='image "./publicumcarolisa00daun_0027.png"; bbox 0 0 2134 3324; ppageno 0'>
   <div class='ocr_carea' id='block_1_1' title="bbox 138 314 1669 2811">
    <p class='ocr_par' dir='ltr' id='par_1_1' title="bbox 138 314 1669 2811">
     <span class='ocr_line' id='line_1_1' title="bbox 149 314 1634 391; baseline -0.003 -18"><span class='ocrx_word' id='word_1_1' title='bbox 149 320 312 391; x_wconf 72' lang='lat' dir='ltr'><strong>quam</strong></span> <span class='ocrx_word' id='word_1_2' title='bbox 342 336 434 390; x_wconf 89' lang='lat' dir='ltr'><strong>par</strong></span> <span class='ocrx_word' id='word_1_3' title='bbox 463 314 525 370; x_wconf 89' lang='lat' dir='ltr'><strong>fit</strong></span> <span class='ocrx_word' id='word_1_4' title='bbox 546 355 560 379; x_wconf 91' lang='lat'>,</span> <span class='ocrx_word' id='word_1_5' title='bbox 579 331 662 368; x_wconf 80' lang='lat' dir='ltr'><strong>me</strong></span> <span class='ocrx_word' id='word_1_6' title='bbox 698 314 1238 387; x_wconf 64' lang='lat' dir='ltr'><strong>ostentUm&#39;proferre-</strong></span> <span class='ocrx_word' id='word_1_7' title='bbox 1258 327 1436 386; x_wconf 77' lang='lat' dir='ltr'><strong>putet3</strong></span> <span class='ocrx_word' id='word_1_8' title='bbox 1457 328 1634 386; x_wconf 84' lang='lat' dir='ltr'><strong>praete·</strong></span> 
     </span>
     <span class='ocr_line' id='line_1_2' title="bbox 151 393 1634 452; baseline -0.003 -1"><span class='ocrx_word' id='word_1_9' title='bbox 151 413 260 452; x_wconf 84' lang='lat' dir='ltr'><strong>reat</strong></span> <span class='ocrx_word' id='word_1_10' title='bbox 309 415 516 450; x_wconf 87' lang='lat' dir='ltr'><strong>mecum</strong></span> <span class='ocrx_word' id='word_1_11' title='bbox 555 398 829 448; x_wconf 84' lang='lat' dir='ltr'><strong>innumera</strong></span> <span class='ocrx_word' id='word_1_12' title='bbox 863 434 877 448; x_wconf 84' lang='lat'><strong>.</strong></span> <span class='ocrx_word' id='word_1_13' title='bbox 919 395 1248 448; x_wconf 88' lang='lat' dir='ltr'>Hodiernum</span> <span class='ocrx_word' id='word_1_14' title='bbox 1286 393 1458 446; x_wconf 72' lang='lat' dir='ltr'><strong>solumv</strong></span> <span class='ocrx_word' id='word_1_15' title='bbox 1488 394 1634 447; x_wconf 60' lang='lat' dir='ltr'><strong>fune⁶</strong></span> 
     </span>
     <span class='ocr_line' id='line_1_3' title="bbox 151 472 1632 547; baseline -0.002 -17"><span class='ocrx_word' id='word_1_16' title='bbox 151 479 321 530; x_wconf 85' lang='lat' dir='ltr'><strong>brium</strong></span> <span class='ocrx_word' id='word_1_17' title='bbox 354 478 570 543; x_wconf 85' lang='lat' dir='ltr'><strong>longum</strong></span> <span class='ocrx_word' id='word_1_18' title='bbox 612 475 847 529; x_wconf 86' lang='lat' dir='ltr'>ordinem</span> <span class='ocrx_word' id='word_1_19' title='bbox 879 491 1193 547; x_wconf 85' lang='lat' dir='ltr'>pomparum</span> <span class='ocrx_word' id='word_1_20' title='bbox 1229 472 1342 525; x_wconf 80' lang='lat' dir='ltr'><strong>satis</strong></span> <span class='ocrx_word' id='word_1_21' title='bbox 1380 473 1632 545; x_wconf 82' lang='lat' dir='ltr'>superque</span> 
     </span>
     <span class='ocr_line' id='line_1_4' title="bbox 148 552 1633 624; baseline -0.002 -16"><span class='ocrx_word' id='word_1_22' title='bbox 148 557 497 608; x_wconf 88' lang='lat' dir='ltr'><strong>demonstrare</strong></span> <span class='ocrx_word' id='word_1_23' title='bbox 527 594 542 616; x_wconf 89' lang='lat'><strong>,</strong></span> <span class='ocrx_word' id='word_1_24' title='bbox 583 554 879 607; x_wconf 83' lang='lat' dir='ltr'><strong>Divinitatis</strong></span> <span class='ocrx_word' id='word_1_25' title='bbox 918 572 1038 606; x_wconf 88' lang='lat' dir='ltr'><strong>eum</strong></span> <span class='ocrx_word' id='word_1_26' title='bbox 1075 554 1360 621; x_wconf 87' lang='lat' dir='ltr'><strong>Imaginem</strong></span> <span class='ocrx_word' id='word_1_27' title='bbox 1394 552 1633 624; x_wconf 84' lang='lat' dir='ltr'><strong>praeferre</strong></span> 
     </span>
     <span class='ocr_line' id='line_1_5' title="bbox 151 632 1633 707; baseline -0.003 -19"><span class='ocrx_word' id='word_1_28' title='bbox 151 635 524 707; x_wconf 83' lang='lat' dir='ltr'><strong>expressiorem</strong></span> <span class='ocrx_word' id='word_1_29' title='bbox 561 674 576 695; x_wconf 91' lang='lat'>,</span> <span class='ocrx_word' id='word_1_30' title='bbox 618 633 837 686; x_wconf 80' lang='lat' dir='ltr'><strong>fateatur</strong></span> <span class='ocrx_word' id='word_1_31' title='bbox 882 645 1093 706; x_wconf 90' lang='lat' dir='ltr'><strong>oportet</strong></span> <span class='ocrx_word' id='word_1_32' title='bbox 1128 652 1144 699; x_wconf 72' lang='grc' dir='ltr'><strong>ς,</strong></span> <span class='ocrx_word' id='word_1_33' title='bbox 1200 632 1302 685; x_wconf 88' lang='lat' dir='ltr'><strong>Hic</strong></span> <span class='ocrx_word' id='word_1_34' title='bbox 1344 648 1477 684; x_wconf 89' lang='lat' dir='ltr'><strong>unus</strong></span> <span class='ocrx_word' id='word_1_35' title='bbox 1529 633 1633 684; x_wconf 82' lang='lat' dir='ltr'><strong>dies</strong></span> 
     </span>
     <span class='ocr_line' id='line_1_6' title="bbox 152 710 1633 782; baseline -0.002 -17"><span class='ocrx_word' id='word_1_36' title='bbox 152 713 521 766; x_wconf 87' lang='lat' dir='ltr'><strong>emortualium</strong></span> <span class='ocrx_word' id='word_1_37' title='bbox 547 716 975 765; x_wconf 60' lang='lat' dir='ltr'><strong>caeremoniarum</strong></span> <span class='ocrx_word' id='word_1_38' title='bbox 1016 710 1449 782; x_wconf 74' lang='lat' dir='ltr'><strong>annosaequoque</strong></span> <span class='ocrx_word' id='word_1_39' title='bbox 1474 715 1633 763; x_wconf 83' lang='lat' dir='ltr'><strong>aetatis</strong></span> 
     </span>
     <span class='ocr_line' id='line_1_7' title="bbox 152 790 1634 863; baseline -0.003 -19"><span class='ocrx_word' id='word_1_40' title='bbox 152 792 387 845; x_wconf 85' lang='lat' dir='ltr'><strong>absorbet</strong></span> <span class='ocrx_word' id='word_1_41' title='bbox 420 791 585 862; x_wconf 88' lang='lat' dir='ltr'><strong>gesta,</strong></span> <span class='ocrx_word' id='word_1_42' title='bbox 626 791 714 844; x_wconf 82' lang='lat' dir='ltr'><strong>etii</strong></span> <span class='ocrx_word' id='word_1_43' title='bbox 748 790 1165 863; x_wconf 71' lang='lat' dir='ltr'><strong>praeclarissima3</strong></span> <span class='ocrx_word' id='word_1_44' title='bbox 1198 807 1366 860; x_wconf 88' lang='lat' dir='ltr'><strong>neque</strong></span> <span class='ocrx_word' id='word_1_45' title='bbox 1400 790 1504 842; x_wconf 89' lang='lat' dir='ltr'><strong>hoc</strong></span> <span class='ocrx_word' id='word_1_46' title='bbox 1537 808 1634 841; x_wconf 84' lang='lat' dir='ltr'><strong>nos</strong></span> 
     </span>
     <span class='ocr_line' id='line_1_8' title="bbox 148 864 1635 943; baseline -0.001 -23"><span class='ocrx_word' id='word_1_47' title='bbox 148 871 480 943; x_wconf 81' lang='lat' dir='ltr'><strong>exploratum</strong></span> <span class='ocrx_word' id='word_1_48' title='bbox 515 871 819 923; x_wconf 80' lang='lat' dir='ltr'><strong>habebimus</strong></span> <span class='ocrx_word' id='word_1_49' title='bbox 852 911 867 934; x_wconf 92' lang='lat'>,</span> <span class='ocrx_word' id='word_1_50' title='bbox 902 870 994 923; x_wconf 88' lang='lat' dir='ltr'><strong>nifi</strong></span> <span class='ocrx_word' id='word_1_51' title='bbox 1029 874 1082 923; x_wconf 90' lang='lat' dir='ltr'><strong>in</strong></span> <span class='ocrx_word' id='word_1_52' title='bbox 1113 870 1210 923; x_wconf 85' lang='lat' dir='ltr'><strong>hac</strong></span> <span class='ocrx_word' id='word_1_53' title='bbox 1248 864 1449 921; x_wconf 80' lang='lat' dir='ltr'><strong>funebri</strong></span> <span class='ocrx_word' id='word_1_54' title='bbox 1485 886 1635 938; x_wconf 90' lang='lat' dir='ltr'><strong>pom-</strong></span> 
     </span>
     <span class='ocr_line' id='line_1_9' title="bbox 147 946 1633 1022; baseline -0.001 -22"><span class='ocrx_word' id='word_1_55' title='bbox 147 969 248 1020; x_wconf 90' lang='lat' dir='ltr'><strong>pa,</strong></span> <span class='ocrx_word' id='word_1_56' title='bbox 285 950 467 1022; x_wconf 88' lang='lat' dir='ltr'><strong>procul</strong></span> <span class='ocrx_word' id='word_1_57' title='bbox 504 954 531 1003; x_wconf 75' lang='lat' dir='ltr'><strong>a</strong></span> <span class='ocrx_word' id='word_1_58' title='bbox 570 950 772 1019; x_wconf 88' lang='lat' dir='ltr'><strong>vulgari</strong></span> <span class='ocrx_word' id='word_1_59' title='bbox 804 950 1052 1002; x_wconf 87' lang='lat' dir='ltr'><strong>sententia</strong></span> <span class='ocrx_word' id='word_1_60' title='bbox 1081 989 1095 1011; x_wconf 91' lang='lat'>‚</span> <span class='ocrx_word' id='word_1_61' title='bbox 1131 946 1444 1019; x_wconf 78' lang='lat' dir='ltr'><strong>exquisitum</strong></span> <span class='ocrx_word' id='word_1_62' title='bbox 1479 947 1633 1016; x_wconf 87' lang='lat' dir='ltr'><strong>Regis</strong></span> 
     </span>
     <span class='ocr_line' id='line_1_10' title="bbox 143 1026 1634 1101; baseline -0.001 -21"><span class='ocrx_word' id='word_1_63' title='bbox 143 1028 301 1080; x_wconf 88' lang='lat' dir='ltr'><strong>nostri</strong></span> <span class='ocrx_word' id='word_1_64' title='bbox 339 1034 626 1101; x_wconf 87' lang='lat' dir='ltr'><strong>aperiamus</strong></span> <span class='ocrx_word' id='word_1_65' title='bbox 664 1029 914 1082; x_wconf 88' lang='lat' dir='ltr'><strong>molimen</strong></span> <span class='ocrx_word' id='word_1_66' title='bbox 936 1069 949 1082; x_wconf 90' lang='lat'><strong>.</strong></span> <span class='ocrx_word' id='word_1_67' title='bbox 983 1031 1173 1081; x_wconf 82' lang='lat' dir='ltr'><strong>Putant</strong></span> <span class='ocrx_word' id='word_1_68' title='bbox 1199 1026 1437 1096; x_wconf 82' lang='lat' dir='ltr'><strong>vulgares</strong></span> <span class='ocrx_word' id='word_1_69' title='bbox 1461 1026 1634 1078; x_wconf 90' lang='lat' dir='ltr'><strong>homi-</strong></span> 
     </span>
     <span class='ocr_line' id='line_1_11' title="bbox 148 1103 1634 1166; baseline 0 -8"><span class='ocrx_word' id='word_1_70' title='bbox 148 1126 237 1158; x_wconf 88' lang='lat' dir='ltr'><strong>nes</strong></span> <span class='ocrx_word' id='word_1_71' title='bbox 272 1106 479 1158; x_wconf 81' lang='lat' dir='ltr'><strong>fortasse</strong></span> <span class='ocrx_word' id='word_1_72' title='bbox 501 1146 515 1166; x_wconf 90' lang='lat'>‚</span> <span class='ocrx_word' id='word_1_73' title='bbox 550 1109 804 1158; x_wconf 84' lang='lat' dir='ltr'><strong>hodierna</strong></span> <span class='ocrx_word' id='word_1_74' title='bbox 836 1108 947 1158; x_wconf 87' lang='lat' dir='ltr'><strong>luce</strong></span> <span class='ocrx_word' id='word_1_75' title='bbox 984 1107 1120 1157; x_wconf 89' lang='lat' dir='ltr'><strong>aliud</strong></span> <span class='ocrx_word' id='word_1_76' title='bbox 1149 1124 1255 1156; x_wconf 91' lang='lat' dir='ltr'><strong>non</strong></span> <span class='ocrx_word' id='word_1_77' title='bbox 1283 1104 1420 1165; x_wconf 89' lang='lat' dir='ltr'><strong>fieri,</strong></span> <span class='ocrx_word' id='word_1_78' title='bbox 1455 1103 1547 1156; x_wconf 84' lang='lat' dir='ltr'><strong>nifi</strong></span> <span class='ocrx_word' id='word_1_79' title='bbox 1573 1116 1634 1158; x_wconf 89' lang='lat' dir='ltr'><strong>ut</strong></span> 
     </span>
     <span class='ocr_line' id='line_1_12' title="bbox 142 1181 1632 1254; baseline -0.001 -18"><span class='ocrx_word' id='word_1_80' title='bbox 142 1184 306 1252; x_wconf 88' lang='lat' dir='ltr'><strong>gloria</strong></span> <span class='ocrx_word' id='word_1_81' title='bbox 324 1222 338 1243; x_wconf 93' lang='lat'>‚</span> <span class='ocrx_word' id='word_1_82' title='bbox 372 1200 530 1252; x_wconf 84' lang='lat' dir='ltr'><strong>quam</strong></span> <span class='ocrx_word' id='word_1_83' title='bbox 552 1181 982 1252; x_wconf 81' lang='lat' dir='ltr'><strong>incomparabiles</strong></span> <span class='ocrx_word' id='word_1_84' title='bbox 1011 1186 1106 1234; x_wconf 89' lang='lat' dir='ltr'><strong>viri</strong></span> <span class='ocrx_word' id='word_1_85' title='bbox 1133 1181 1319 1252; x_wconf 85' lang='lat' dir='ltr'><strong>Joseph</strong></span> <span class='ocrx_word' id='word_1_86' title='bbox 1347 1182 1632 1254; x_wconf 75' lang='lat' dir='ltr'><strong>CapyciuS,</strong></span> 
     </span>
     <span class='ocr_line' id='line_1_13' title="bbox 142 1258 1632 1330; baseline 0 -17"><span class='ocrx_word' id='word_1_87' title='bbox 142 1265 194 1314; x_wconf 86' lang='lat'>&amp;</span> <span class='ocrx_word' id='word_1_88' title='bbox 230 1259 451 1313; x_wconf 83' lang='lat' dir='ltr'><strong>Carolus</strong></span> <span class='ocrx_word' id='word_1_89' title='bbox 484 1260 544 1311; x_wconf 89' lang='lat' dir='ltr'><strong>de</strong></span> <span class='ocrx_word' id='word_1_90' title='bbox 585 1261 799 1328; x_wconf 89' lang='lat' dir='ltr'><strong>Sangrio</strong></span> <span class='ocrx_word' id='word_1_91' title='bbox 834 1258 926 1310; x_wconf 90' lang='lat' dir='ltr'><strong>fibi</strong></span> <span class='ocrx_word' id='word_1_92' title='bbox 965 1275 1363 1330; x_wconf 88' lang='lat' dir='ltr'><strong>compararunt,</strong></span> <span class='ocrx_word' id='word_1_93' title='bbox 1398 1263 1464 1311; x_wconf 45' lang='lat' dir='ltr'><strong>in*</strong></span> <span class='ocrx_word' id='word_1_94' title='bbox 1486 1261 1632 1313; x_wconf 87' lang='lat' dir='ltr'><strong>nobis</strong></span> 
     </span>
     <span class='ocr_line' id='line_1_14' title="bbox 142 1336 1632 1409; baseline -0.001 -18"><span class='ocrx_word' id='word_1_95' title='bbox 142 1339 644 1409; x_wconf 83' lang='lat' dir='ltr'><strong>refricetur‚quippe</strong></span> <span class='ocrx_word' id='word_1_96' title='bbox 672 1342 759 1408; x_wconf 88' lang='lat' dir='ltr'><strong>qui</strong></span> <span class='ocrx_word' id='word_1_97' title='bbox 779 1355 912 1391; x_wconf 86' lang='lat' dir='ltr'><strong>verae</strong></span> <span class='ocrx_word' id='word_1_98' title='bbox 940 1340 1143 1390; x_wconf 87' lang='lat' dir='ltr'><strong>virtutis</strong></span> <span class='ocrx_word' id='word_1_99' title='bbox 1175 1336 1365 1389; x_wconf 88' lang='lat' dir='ltr'><strong>emenfi</strong></span> <span class='ocrx_word' id='word_1_100' title='bbox 1395 1337 1632 1400; x_wconf 88' lang='lat' dir='ltr'><strong>stadium,</strong></span> 
     </span>
     <span class='ocr_line' id='line_1_15' title="bbox 142 1415 1633 1490; baseline -0.001 -20"><span class='ocrx_word' id='word_1_101' title='bbox 142 1419 204 1470; x_wconf 87' lang='lat' dir='ltr'><strong>ad</strong></span> <span class='ocrx_word' id='word_1_102' title='bbox 232 1418 493 1490; x_wconf 86' lang='lat' dir='ltr'><strong>supremas</strong></span> <span class='ocrx_word' id='word_1_103' title='bbox 518 1418 693 1471; x_wconf 82' lang='lat' dir='ltr'><strong>laudes</strong></span> <span class='ocrx_word' id='word_1_104' title='bbox 721 1415 932 1469; x_wconf 89' lang='lat' dir='ltr'><strong>feliciter</strong></span> <span class='ocrx_word' id='word_1_105' title='bbox 957 1427 1414 1488; x_wconf 85' lang='lat' dir='ltr'><strong>pervenerunt,ut</strong></span> <span class='ocrx_word' id='word_1_106' title='bbox 1434 1415 1633 1469; x_wconf 89' lang='lat' dir='ltr'><strong>horum</strong></span> 
     </span>
     <span class='ocr_line' id='line_1_16' title="bbox 141 1495 1630 1570; baseline 0 -22"><span class='ocrx_word' id='word_1_107' title='bbox 141 1495 365 1566; x_wconf 79' lang='lat' dir='ltr'><strong>glorioso</strong></span> <span class='ocrx_word' id='word_1_108' title='bbox 413 1497 655 1570; x_wconf 80' lang='lat' dir='ltr'><strong>exemplo</strong></span> <span class='ocrx_word' id='word_1_109' title='bbox 684 1497 1038 1550; x_wconf 87' lang='lat' dir='ltr'><strong>Posteritatem</strong></span> <span class='ocrx_word' id='word_1_110' title='bbox 1079 1514 1187 1549; x_wconf 90' lang='lat' dir='ltr'><strong>non</strong></span> <span class='ocrx_word' id='word_1_111' title='bbox 1212 1499 1384 1567; x_wconf 86' lang='lat' dir='ltr'><strong>pigeat</strong></span> <span class='ocrx_word' id='word_1_112' title='bbox 1402 1535 1416 1555; x_wconf 91' lang='lat'>‚</span> <span class='ocrx_word' id='word_1_113' title='bbox 1444 1513 1630 1548; x_wconf 89' lang='lat' dir='ltr'><strong>eorum</strong></span> 
     </span>
     <span class='ocr_line' id='line_1_17' title="bbox 140 1573 1633 1648; baseline 0 -20"><span class='ocrx_word' id='word_1_114' title='bbox 140 1577 386 1646; x_wconf 64' lang='lat' dir='ltr'><strong>ampleeti</strong></span> <span class='ocrx_word' id='word_1_115' title='bbox 422 1581 790 1630; x_wconf 84' lang='lat' dir='ltr'><strong>imitamenta:</strong></span> <span class='ocrx_word' id='word_1_116' title='bbox 830 1577 934 1629; x_wconf 85' lang='lat' dir='ltr'><strong>hoc</strong></span> <span class='ocrx_word' id='word_1_117' title='bbox 978 1576 1190 1648; x_wconf 75' lang='lat' dir='ltr'><strong>quidem</strong></span> <span class='ocrx_word' id='word_1_118' title='bbox 1233 1573 1633 1628; x_wconf 65' lang='lat' dir='ltr'><strong>detred’tandum</strong></span> 
     </span>
     <span class='ocr_line' id='line_1_18' title="bbox 141 1653 1669 1727; baseline 0.001 -21"><span class='ocrx_word' id='word_1_119' title='bbox 141 1674 250 1707; x_wconf 90' lang='lat' dir='ltr'><strong>non</strong></span> <span class='ocrx_word' id='word_1_120' title='bbox 284 1657 380 1708; x_wconf 86' lang='lat' dir='ltr'><strong>est.</strong></span> <span class='ocrx_word' id='word_1_121' title='bbox 417 1656 494 1709; x_wconf 82' lang='lat' dir='ltr'><strong>At</strong></span> <span class='ocrx_word' id='word_1_122' title='bbox 519 1661 645 1708; x_wconf 77' lang='lat' dir='ltr'><strong>vero</strong></span> <span class='ocrx_word' id='word_1_123' title='bbox 677 1660 767 1726; x_wconf 86' lang='lat' dir='ltr'><strong>qui</strong></span> <span class='ocrx_word' id='word_1_124' title='bbox 792 1656 947 1726; x_wconf 87' lang='lat' dir='ltr'><strong>hujus</strong></span> <span class='ocrx_word' id='word_1_125' title='bbox 975 1659 1217 1709; x_wconf 87' lang='lat' dir='ltr'><strong>novitatis</strong></span> <span class='ocrx_word' id='word_1_126' title='bbox 1243 1653 1525 1727; x_wconf 84' lang='lat' dir='ltr'><strong>penetralia</strong></span> <span class='ocrx_word' id='word_1_127' title='bbox 1551 1654 1631 1709; x_wconf 85' lang='lat' dir='ltr'><strong>su·</strong></span> <span class='ocrx_word' id='word_1_128' title='bbox 1660 1660 1669 1669; x_wconf 85' lang='lat'><strong><em>‘</em></strong></span> 
     </span>
     <span class='ocr_line' id='line_1_19' title="bbox 139 1732 1630 1807; baseline 0.001 -22"><span class='ocrx_word' id='word_1_129' title='bbox 139 1732 266 1786; x_wconf 88' lang='lat' dir='ltr'><strong>bibit</strong></span> <span class='ocrx_word' id='word_1_130' title='bbox 286 1775 299 1796; x_wconf 86' lang='lat'><em>,</em></span> <span class='ocrx_word' id='word_1_131' title='bbox 334 1738 384 1787; x_wconf 70' lang='grc' dir='ltr'><strong>δε</strong></span> <span class='ocrx_word' id='word_1_132' title='bbox 412 1734 561 1787; x_wconf 87' lang='lat' dir='ltr'><strong>bonae</strong></span> <span class='ocrx_word' id='word_1_133' title='bbox 592 1733 878 1789; x_wconf 82' lang='lat' dir='ltr'><strong>voluntatis</strong></span> <span class='ocrx_word' id='word_1_134' title='bbox 907 1733 1131 1797; x_wconf 63' lang='lat' dir='ltr'><strong>affeetu,</strong></span> <span class='ocrx_word' id='word_1_135' title='bbox 1164 1748 1223 1787; x_wconf 92' lang='lat' dir='ltr'><strong>ut</strong></span> <span class='ocrx_word' id='word_1_136' title='bbox 1250 1753 1341 1807; x_wconf 86' lang='lat' dir='ltr'><strong>par</strong></span> <span class='ocrx_word' id='word_1_137' title='bbox 1371 1734 1471 1796; x_wconf 89' lang='lat' dir='ltr'><strong>est,</strong></span> <span class='ocrx_word' id='word_1_138' title='bbox 1498 1734 1630 1805; x_wconf 86' lang='lat' dir='ltr'><strong>judi-</strong></span> 
     </span>
     <span class='ocr_line' id='line_1_20' title="bbox 140 1813 1628 1885; baseline 0 -21"><span class='ocrx_word' id='word_1_139' title='bbox 140 1816 276 1865; x_wconf 89' lang='lat' dir='ltr'><strong>cium</strong></span> <span class='ocrx_word' id='word_1_140' title='bbox 304 1814 532 1884; x_wconf 87' lang='lat' dir='ltr'><strong>proferre</strong></span> <span class='ocrx_word' id='word_1_141' title='bbox 560 1813 786 1866; x_wconf 90' lang='lat' dir='ltr'><strong>voluerit</strong></span> <span class='ocrx_word' id='word_1_142' title='bbox 817 1854 831 1874; x_wconf 91' lang='lat'>,</span> <span class='ocrx_word' id='word_1_143' title='bbox 875 1814 1058 1884; x_wconf 87' lang='lat' dir='ltr'><strong>procul</strong></span> <span class='ocrx_word' id='word_1_144' title='bbox 1100 1814 1261 1866; x_wconf 91' lang='lat' dir='ltr'><strong>dubio</strong></span> <span class='ocrx_word' id='word_1_145' title='bbox 1300 1813 1628 1885; x_wconf 87' lang='lat' dir='ltr'><strong>completum</strong></span> 
     </span>
     <span class='ocr_line' id='line_1_21' title="bbox 139 1891 1627 1963; baseline 0.001 -22"><span class='ocrx_word' id='word_1_146' title='bbox 139 1892 503 1962; x_wconf 86' lang='lat' dir='ltr'><strong>deprehendet,</strong></span> <span class='ocrx_word' id='word_1_147' title='bbox 517 1891 642 1943; x_wconf 88' lang='lat' dir='ltr'><strong>illud</strong></span> <span class='ocrx_word' id='word_1_148' title='bbox 657 1893 832 1945; x_wconf 87' lang='lat' dir='ltr'><strong>Divini</strong></span> <span class='ocrx_word' id='word_1_149' title='bbox 847 1893 1079 1961; x_wconf 84' lang='lat' dir='ltr'><strong>Spiritus,</strong></span> <span class='ocrx_word' id='word_1_150' title='bbox 1090 1893 1227 1963; x_wconf 89' lang='lat' dir='ltr'><strong>apud</strong></span> <span class='ocrx_word' id='word_1_151' title='bbox 1241 1893 1475 1952; x_wconf 85' lang='lat' dir='ltr'><strong>Petrum,</strong></span> <span class='ocrx_word' id='word_1_152' title='bbox 1490 1892 1627 1943; x_wconf 87' lang='lat' dir='ltr'><strong>Ora-</strong></span> 
     </span>
     <span class='ocr_line' id='line_1_22' title="bbox 140 1969 1629 2042; baseline 0.001 -22"><span class='ocrx_word' id='word_1_153' title='bbox 140 1970 315 2021; x_wconf 87' lang='lat' dir='ltr'><strong>culum</strong></span> <span class='ocrx_word' id='word_1_154' title='bbox 348 1992 361 2023; x_wconf 89' lang='grc'>;</span> <span class='ocrx_word' id='word_1_155' title='bbox 406 1971 634 2042; x_wconf 70' lang='lat' dir='ltr'><strong>Subjeffi</strong></span> <span class='ocrx_word' id='word_1_156' title='bbox 667 1970 822 2023; x_wconf 88' lang='lat' dir='ltr'><strong>estote</strong></span> <span class='ocrx_word' id='word_1_157' title='bbox 858 1970 1018 2038; x_wconf 85' lang='lat' dir='ltr'><strong>Regi,</strong></span> <span class='ocrx_word' id='word_1_158' title='bbox 1047 1971 1300 2041; x_wconf 74' lang='lat' dir='ltr'><strong>tanquam</strong></span> <span class='ocrx_word' id='word_1_159' title='bbox 1335 1969 1629 2041; x_wconf 73' lang='lat' dir='ltr'><strong>praecellen-</strong></span> 
     </span>
     <span class='ocr_line' id='line_1_23' title="bbox 138 2045 1629 2119; baseline 0 -19"><span class='ocrx_word' id='word_1_160' title='bbox 138 2052 205 2109; x_wconf 88' lang='lat' dir='ltr'><strong>ti,</strong></span> <span class='ocrx_word' id='word_1_161' title='bbox 227 2049 492 2109; x_wconf 88' lang='lat' dir='ltr'><strong>Ducibus,</strong></span> <span class='ocrx_word' id='word_1_162' title='bbox 522 2051 773 2119; x_wconf 68' lang='lat' dir='ltr'><strong>tanquam</strong></span> <span class='ocrx_word' id='word_1_163' title='bbox 804 2050 866 2101; x_wconf 84' lang='lat' dir='ltr'><strong>ab</strong></span> <span class='ocrx_word' id='word_1_164' title='bbox 895 2067 957 2100; x_wconf 90' lang='lat' dir='ltr'><strong>eo</strong></span> <span class='ocrx_word' id='word_1_165' title='bbox 986 2045 1142 2101; x_wconf 85' lang='lat' dir='ltr'><strong>miffis</strong></span> <span class='ocrx_word' id='word_1_166' title='bbox 1170 2049 1232 2100; x_wconf 88' lang='lat' dir='ltr'><strong>ad</strong></span> <span class='ocrx_word' id='word_1_167' title='bbox 1262 2048 1500 2102; x_wconf 81' lang='lat' dir='ltr'><strong>LAuDEM</strong></span> <span class='ocrx_word' id='word_1_168' title='bbox 1530 2050 1629 2100; x_wconf 86' lang='lat' dir='ltr'><strong>Bo-</strong></span> 
     </span>
     <span class='ocr_line' id='line_1_24' title="bbox 142 2127 1625 2198; baseline -0.001 -18"><span class='ocrx_word' id='word_1_169' title='bbox 142 2145 367 2180; x_wconf 82' lang='lat' dir='ltr'><strong>NORuM:</strong></span> <span class='ocrx_word' id='word_1_170' title='bbox 398 2128 537 2198; x_wconf 89' lang='lat' dir='ltr'><strong>quod</strong></span> <span class='ocrx_word' id='word_1_171' title='bbox 569 2129 709 2180; x_wconf 86' lang='lat' dir='ltr'><strong>Sacri</strong></span> <span class='ocrx_word' id='word_1_172' title='bbox 726 2128 932 2181; x_wconf 86' lang='lat' dir='ltr'><strong>Codicis</strong></span> <span class='ocrx_word' id='word_1_173' title='bbox 967 2141 1372 2180; x_wconf 86' lang='lat' dir='ltr'><strong>monumentum</strong></span> <span class='ocrx_word' id='word_1_174' title='bbox 1392 2127 1625 2198; x_wconf 77' lang='lat' dir='ltr'><strong>undique</strong></span> 
     </span>
     <span class='ocr_line' id='line_1_25' title="bbox 140 2205 1627 2278; baseline 0.001 -20"><span class='ocrx_word' id='word_1_175' title='bbox 140 2207 390 2276; x_wconf 80' lang='lat' dir='ltr'><strong>quadrare</strong></span> <span class='ocrx_word' id='word_1_176' title='bbox 422 2207 625 2260; x_wconf 87' lang='lat' dir='ltr'><strong>videtur</strong></span> <span class='ocrx_word' id='word_1_177' title='bbox 651 2208 819 2275; x_wconf 72' lang='lat' dir='ltr'><strong>Regiae</strong></span> <span class='ocrx_word' id='word_1_178' title='bbox 851 2210 1010 2260; x_wconf 87' lang='lat' dir='ltr'><strong>menti</strong></span> <span class='ocrx_word' id='word_1_179' title='bbox 1041 2247 1053 2268; x_wconf 93' lang='lat'><strong>‚</strong></span> <span class='ocrx_word' id='word_1_180' title='bbox 1096 2226 1210 2278; x_wconf 86' lang='lat' dir='ltr'><strong>quae</strong></span> <span class='ocrx_word' id='word_1_181' title='bbox 1253 2210 1305 2258; x_wconf 91' lang='lat' dir='ltr'><strong>in</strong></span> <span class='ocrx_word' id='word_1_182' title='bbox 1339 2206 1437 2257; x_wconf 80' lang='lat' dir='ltr'><strong>hac</strong></span> <span class='ocrx_word' id='word_1_183' title='bbox 1466 2205 1627 2275; x_wconf 88' lang='lat' dir='ltr'><strong>regali</strong></span> 
     </span>
     <span class='ocr_line' id='line_1_26' title="bbox 138 2284 1625 2339; baseline 0.002 -4"><span class='ocrx_word' id='word_1_184' title='bbox 138 2284 340 2338; x_wconf 90' lang='lat' dir='ltr'><strong>funebri</strong></span> <span class='ocrx_word' id='word_1_185' title='bbox 383 2284 721 2339; x_wconf 84' lang='lat' dir='ltr'><strong>sollemnitate</strong></span> <span class='ocrx_word' id='word_1_186' title='bbox 776 2301 1069 2339; x_wconf 83' lang='lat' dir='ltr'><strong>extremum</strong></span> <span class='ocrx_word' id='word_1_187' title='bbox 1125 2286 1351 2338; x_wconf 89' lang='lat' dir='ltr'><strong>duorum</strong></span> <span class='ocrx_word' id='word_1_188' title='bbox 1407 2285 1625 2338; x_wconf 87' lang='lat' dir='ltr'><strong>Civium</strong></span> 
     </span>
     <span class='ocr_line' id='line_1_27' title="bbox 139 2363 1624 2437; baseline 0.001 -23"><span class='ocrx_word' id='word_1_189' title='bbox 139 2363 270 2417; x_wconf 87' lang='lat' dir='ltr'><strong>diem</strong></span> <span class='ocrx_word' id='word_1_190' title='bbox 290 2406 302 2426; x_wconf 87' lang='lat'>‚</span> <span class='ocrx_word' id='word_1_191' title='bbox 319 2365 528 2417; x_wconf 86' lang='lat' dir='ltr'><strong>summis</strong></span> <span class='ocrx_word' id='word_1_192' title='bbox 554 2364 924 2418; x_wconf 87' lang='lat' dir='ltr'><strong>cumulandum</strong></span> <span class='ocrx_word' id='word_1_193' title='bbox 953 2369 1217 2437; x_wconf 80' lang='lat' dir='ltr'><strong>praeconiis</strong></span> <span class='ocrx_word' id='word_1_194' title='bbox 1236 2404 1250 2425; x_wconf 89' lang='lat'>‚</span> <span class='ocrx_word' id='word_1_195' title='bbox 1267 2368 1624 2434; x_wconf 82' lang='lat' dir='ltr'><strong>exquirit‚qui</strong></span> 
     </span>
     <span class='ocr_line' id='line_1_28' title="bbox 140 2444 1625 2515; baseline -0.001 -21"><span class='ocrx_word' id='word_1_196' title='bbox 140 2448 299 2496; x_wconf 87' lang='lat' dir='ltr'><strong>animi</strong></span> <span class='ocrx_word' id='word_1_197' title='bbox 335 2444 630 2496; x_wconf 82' lang='lat' dir='ltr'><strong>fortitudine</strong></span> <span class='ocrx_word' id='word_1_198' title='bbox 664 2485 677 2505; x_wconf 92' lang='lat'><strong>‚</strong></span> <span class='ocrx_word' id='word_1_199' title='bbox 719 2445 1035 2515; x_wconf 88' lang='lat' dir='ltr'><strong>suorumque</strong></span> <span class='ocrx_word' id='word_1_200' title='bbox 1073 2444 1333 2512; x_wconf 86' lang='lat' dir='ltr'><strong>gestorum</strong></span> <span class='ocrx_word' id='word_1_201' title='bbox 1370 2446 1625 2494; x_wconf 81' lang='lat' dir='ltr'><strong>memoria</strong></span> 
     </span>
     <span class='ocr_line' id='line_1_29' title="bbox 139 2518 1624 2591; baseline -0.001 -17"><span class='ocrx_word' id='word_1_202' title='bbox 139 2527 357 2591; x_wconf 85' lang='lat' dir='ltr'><strong>patriam</strong></span> <span class='ocrx_word' id='word_1_203' title='bbox 405 2523 808 2577; x_wconf 86' lang='lat' dir='ltr'><strong>cohonestarunt</strong></span> <span class='ocrx_word' id='word_1_204' title='bbox 844 2564 857 2576; x_wconf 89' lang='lat'><strong>.</strong></span> <span class='ocrx_word' id='word_1_205' title='bbox 899 2525 949 2576; x_wconf 89' lang='lat' dir='ltr'><strong>O</strong></span> <span class='ocrx_word' id='word_1_206' title='bbox 990 2542 1085 2575; x_wconf 87' lang='lat' dir='ltr'><strong>nos</strong></span> <span class='ocrx_word' id='word_1_207' title='bbox 1116 2524 1300 2583; x_wconf 86' lang='lat' dir='ltr'><strong>Beati,</strong></span> <span class='ocrx_word' id='word_1_208' title='bbox 1340 2518 1624 2574; x_wconf 84' lang='lat' dir='ltr'><strong>feliciffima</strong></span> 
     </span>
     <span class='ocr_line' id='line_1_30' title="bbox 140 2600 1622 2671; baseline 0.001 -20"><span class='ocrx_word' id='word_1_209' title='bbox 140 2613 394 2653; x_wconf 88' lang='lat' dir='ltr'><strong>terrarum</strong></span> <span class='ocrx_word' id='word_1_210' title='bbox 422 2602 564 2653; x_wconf 86' lang='lat' dir='ltr'><strong>orbis-</strong></span> <span class='ocrx_word' id='word_1_211' title='bbox 583 2602 777 2654; x_wconf 85' lang='lat' dir='ltr'><strong>Civitas</strong></span> <span class='ocrx_word' id='word_1_212' title='bbox 796 2643 809 2664; x_wconf 91' lang='lat'>,</span> <span class='ocrx_word' id='word_1_213' title='bbox 835 2603 870 2656; x_wconf 86' lang='lat' dir='ltr'>fi</span> <span class='ocrx_word' id='word_1_214' title='bbox 892 2606 1020 2656; x_wconf 86' lang='lat' dir='ltr'><strong>tanti</strong></span> <span class='ocrx_word' id='word_1_215' title='bbox 1049 2601 1197 2671; x_wconf 86' lang='lat' dir='ltr'><strong>Regis</strong></span> <span class='ocrx_word' id='word_1_216' title='bbox 1228 2600 1441 2670; x_wconf 83' lang='lat' dir='ltr'><strong>vestigiis</strong></span> <span class='ocrx_word' id='word_1_217' title='bbox 1468 2601 1622 2653; x_wconf 80' lang='lat' dir='ltr'><strong>inhae-</strong></span> 
     </span>
     <span class='ocr_line' id='line_1_31' title="bbox 141 2679 1620 2750; baseline -0.001 -18"><span class='ocrx_word' id='word_1_218' title='bbox 141 2698 256 2732; x_wconf 87' lang='lat' dir='ltr'><strong>rens</strong></span> <span class='ocrx_word' id='word_1_219' title='bbox 276 2720 290 2741; x_wconf 90' lang='lat'><strong>,</strong></span> <span class='ocrx_word' id='word_1_220' title='bbox 320 2686 551 2750; x_wconf 85' lang='lat' dir='ltr'><strong>egregios</strong></span> <span class='ocrx_word' id='word_1_221' title='bbox 580 2679 670 2733; x_wconf 88' lang='lat' dir='ltr'><strong>fibi</strong></span> <span class='ocrx_word' id='word_1_222' title='bbox 700 2685 836 2734; x_wconf 87' lang='lat' dir='ltr'><strong>cives</strong></span> <span class='ocrx_word' id='word_1_223' title='bbox 872 2722 887 2744; x_wconf 90' lang='lat'>‚</span> <span class='ocrx_word' id='word_1_224' title='bbox 916 2681 1124 2740; x_wconf 85' lang='lat' dir='ltr'><strong>illustria</strong></span> <span class='ocrx_word' id='word_1_225' title='bbox 1151 2679 1382 2733; x_wconf 87' lang='lat' dir='ltr'><strong>facinora</strong></span> <span class='ocrx_word' id='word_1_226' title='bbox 1408 2720 1423 2743; x_wconf 92' lang='lat'>‚</span> <span class='ocrx_word' id='word_1_227' title='bbox 1465 2684 1620 2749; x_wconf 84' lang='lat' dir='ltr'><strong>aequis</strong></span> 
     </span>
     <span class='ocr_line' id='line_1_32' title="bbox 1377 2759 1545 2811; baseline -0.006 0"><span class='ocrx_word' id='word_1_228' title='bbox 1377 2759 1545 2811; x_wconf 92' lang='lat' dir='ltr'><strong>hono-</strong></span> 
     </span>
    </p>
   </div>
  </div>
 </body>
</html>
