2134 3324
1475 265 1493 298 ἶ
1514 267 1537 315 3

144 333 254 386 haec
294 331 514 401 quanvis
545 325 752 383 illustria
786 364 801 387 ,
840 329 1200 395 omniumque-
1238 322 1494 379 Gentium
1536 324 1621 376 ad-

145 414 424 464 miratione
447 407 600 474 digna
632 406 900 460 videantur
925 445 944 466 ,
984 404 1123 457 haud
1163 417 1339 455 tamen
1380 406 1622 474 imparia,

147 493 200 544 &
240 492 383 559 aeque
424 489 666 538 omnium
711 484 1006 552 linguarum
1036 481 1252 536 voc-ibus
1290 480 1624 543 celebranda,

145 569 262 623 sunt
292 587 375 627 ea,
407 584 517 636 quae
548 564 717 617 nostra
740 577 855 616 aetas
886 566 936 614 in
968 562 1245 615 fortissimo
1272 560 1496 631 Josepho
1520 561 1624 614 Ca-

145 651 303 721 pycio
329 645 398 698 est
431 644 682 697 admirata
711 662 726 696 ς
767 641 903 695 unde
946 641 1056 712 jure
1089 640 1291 693 saelum
1323 679 1338 701 ,
1377 654 1435 692 ut
1466 641 1623 707 Regia

144 728 336 785 PietaS,
364 741 493 794 quos
523 726 738 791 agnovit
767 725 956 775 virtute
982 721 1158 781 Pares,
1183 718 1386 791 paribus
1412 721 1622 789 quoque

141 805 365 858 voluerit
389 803 676 855 honoribus
705 799 942 868 insignire
977 838 991 851 .
1028 798 1158 851 Non
1198 799 1287 850 hic
1328 797 1623 859 clarissimas

139 883 502 955 Capyciorum
529 880 701 934 laudes
721 897 1093 934 ,commemoro
1121 917 1136 939 ,
1175 895 1345 948 neque
1375 876 1528 946 hujus
1561 875 1627 927 11-

136 961 440 1015 lustrissimae
459 959 644 1013 Gentis
671 959 806 1030 gesta
833 975 1163 1029 percurrere,
1178 960 1379 1010 animus
1400 956 1467 1007 est
1483 974 1496 1008 :
1512 954 1625 1007 lon-

140 1059 268 1109 gum
284 1044 420 1091 enim
448 1037 569 1093 effet
586 1080 599 1101 ,
614 1041 664 1093 δε
681 1039 744 1091 ab
766 1038 997 1093 instituto
1015 1035 1239 1089 alienum
1257 1075 1270 1096 ‚
1288 1053 1444 1087 unam
1462 1074 1476 1096 ,
1495 1052 1625 1104 quae,

140 1120 267 1172 octo
293 1119 397 1187 jam
424 1117 599 1169 saecula
629 1134 940 1182 magnarum
980 1115 1329 1183 undequaque
1367 1118 1624 1165 virtutum

137 1195 396 1250 curriculo
423 1194 627 1246 emensa
643 1233 656 1253 ,
676 1192 956 1245 Ecclesiam
974 1193 1224 1252 ,Patriam
1243 1231 1257 1251 ‚
1283 1190 1477 1242 ltaliam
1509 1209 1625 1241 om-

134 1293 259 1328 nem
304 1271 537 1342 gloriosis
577 1269 890 1323 facinoribus
923 1308 937 1330 ,
980 1273 1083 1339 qua
1120 1286 1246 1338 pace
1275 1308 1290 1328 ‚
1339 1272 1439 1338 qua
1479 1268 1620 1320 bello

132 1352 421 1424 complevit
445 1390 459 1412 ,
502 1353 751 1402 continua
783 1348 1044 1416 gestorum
1071 1346 1192 1398 serie
1225 1345 1375 1398 vobis
1403 1346 1622 1409 referre3

131 1450 227 1485 nec
256 1449 436 1483 meum
465 1430 534 1482 est
569 1432 852 1501 quicquam
879 1427 1065 1479 addere
1092 1425 1405 1494 famigeratis
1434 1443 1625 1478 monu-

131 1515 320 1564 mentis
347 1550 362 1571 ‚
404 1509 592 1579 quibus
630 1527 744 1561 eam
769 1518 1089 1559 exornarunt
1119 1518 1203 1557 tot
1230 1507 1519 1571 omnigenae
1547 1504 1625 1557 hi-

132 1591 296 1645 storiae
323 1591 629 1659 Scriptores.
665 1586 845 1654 Qem
871 1589 1010 1639 enim
1029 1625 1043 1646 ,
1069 1582 1106 1636 fi
1133 1587 1279 1655 optio
1301 1583 1425 1636 mihi
1454 1581 1622 1645 fieret,

132 1667 329 1740 possem
376 1666 524 1720 vobis
576 1685 641 1719 ex
689 1668 971 1718 innumeris
1004 1664 1251 1737 Capyciis
1292 1661 1624 1715 illustriorem

131 1747 375 1800 Corrado
403 1746 592 1797 Virum
620 1762 1067 1804 commemorare,
1104 1760 1265 1812 quem
1289 1746 1506 1812 inquam
1527 1742 1625 1800 Be-

132 1827 285 1877 rardo
303 1824 638 1877 celebriorem
657 1863 670 1875 .
691 1825 892 1875 Primus
913 1822 1154 1891 equidem
1174 1820 1457 1891 Atripaldae
1472 1860 1485 1882 ‚
1502 1818 1625 1872 alio-

131 1923 354 1974 rumque
375 1903 686 1975 oppidorum
701 1900 935 1974 Dynasta
950 1919 1070 1969 ,pro
1087 1898 1366 1950 Manfredo
1380 1937 1393 1959 ,
1414 1917 1472 1950 ac
1484 1898 1620 1950 Cor-

131 1983 313 2034 radino
342 1983 513 2034 Siciliae
544 1981 852 2034 Moderator
887 2018 902 2039 ‚
936 1992 1047 2029 tam
1077 1977 1327 2030 constanti
1356 1996 1479 2045 erga
1506 1975 1622 2029 suos

131 2061 298 2130 Reges
329 2057 430 2112 fide
465 2099 478 2119 ‚
524 2077 581 2110 ac
615 2059 905 2111 strenuitate
940 2054 1350 2128 Neapolitanum
1378 2055 1622 2125 Regnum

130 2138 314 2192 invafit
333 2178 346 2199 ‚
377 2152 435 2189 ut
472 2137 750 2190 Gallorum
777 2140 1055 2208 imperium
1087 2138 1139 2186 in
1170 2134 1436 2187 summum
1462 2133 1623 2186 addu-

131 2222 264 2271 xerit
303 2216 570 2270 discrimen
589 2256 602 2268 .
629 2216 780 2269 Alter
813 2234 877 2268 ex
905 2212 1394 2287 Hierosolymitanis
1420 2211 1623 2282 Equiti-

143 2297 235 2350 bus
256 2294 584 2349 Melitensem
622 2294 842 2348 insulam
864 2333 878 2355 ,
897 2292 1090 2346 obfidio
1120 2291 1350 2345 cinctam
1373 2330 1387 2352 ,
1406 2294 1457 2343 in
1476 2290 1623 2344 liber-

130 2389 292 2428 tatem
315 2373 518 2427 asseruit
533 2413 545 2434 ‚
559 2392 671 2444 quae
687 2415 701 2436 ‚
718 2376 765 2427 ὃς
783 2368 1065 2426 clariorain
1086 2372 1183 2423 hac
1205 2372 1356 2423 Sacra
1373 2370 1503 2423 AEde
1523 2389 1621 2439 pro

131 2453 411 2506 Gentilitiis
430 2493 443 2513 ‚
481 2466 674 2505 aeterno
702 2454 915 2506 Civium
946 2452 1267 2504 documento
1294 2487 1308 2510 ‚
1332 2447 1620 2520 patescunt.

131 2534 210 2586 At
231 2547 408 2585 vetera
438 2532 543 2583 haec
566 2572 579 2593 ‚
598 2533 648 2583 &
674 2532 751 2583 his
787 2532 986 2602 majora
1014 2532 1267 2581 mittimus
1289 2547 1306 2592 5
1325 2545 1433 2580 non
1460 2530 1618 2589 enim,

132 2626 192 2664 ut
214 2651 227 2673 ‚
253 2611 338 2663 vel
364 2615 578 2664 virtutes
597 2651 610 2672 ‚
632 2608 716 2663 vel
742 2628 864 2679 erga
893 2610 1188 2661 Germanos
1210 2646 1224 2668 ‚
1243 2605 1617 2676 Austriumque

135 2690 317 2743 Genus
350 2689 553 2762 Josephi
580 2688 799 2764 Capycii
822 2687 1049 2742 indolem
1067 2686 1437 2755 ,vestigemUS‚
1454 2686 1618 2755 majoe

1420 2781 1541 2816 rum
