2134 3324
510 175 538 222 8

426 249 736 303 fortitudinis
770 253 822 300 in
851 246 1227 319 expugnando,
1253 246 1336 298 vel
1365 246 1772 318 propugnandO,
1799 246 1904 299 feli-

427 333 553 381 citer
577 329 804 381 traduxit
822 367 835 389 ,
853 341 909 379 ut
938 331 1267 399 nequaquam
1291 326 1500 378 sentiam
1522 331 1571 378 in
1591 345 1673 380 me
1705 340 1904 379 tantam

425 411 613 475 ingenii
641 408 958 466 ubertatem,
983 406 1067 458 vel
1090 406 1284 458 dicendi
1311 410 1511 476 copiam
1529 446 1543 467 ,
1572 423 1672 475 qua
1701 402 1907 477 poffim‚

427 485 655 539 universa
684 486 791 555 ejus
834 489 884 537 in
912 484 1304 556 Rempublicam
1337 485 1679 537 Christianam
1717 484 1906 536 militiae

429 582 643 616 munere
676 568 954 634 promerita
981 604 994 625 ,
1029 564 1221 616 nedum
1252 564 1447 616 orando
1477 563 1791 634 complecti,
1823 562 1906 613 sed

425 661 522 695 nec
551 643 842 714 percensere
874 643 1196 694 numerando
1227 681 1240 694 .
1275 643 1377 694 Sub
1402 639 1686 695 felicissimo
1712 641 1911 711 Lotha-

427 725 603 789 ringiae
649 722 798 773 Duce
851 725 983 774 inter
1028 721 1261 773 Volones
1308 720 1493 774 milites
1540 723 1768 793 primuin
1825 720 1911 771 ad-

426 801 574 853 scitus
591 840 605 862 ‚
626 815 683 853 ea
713 799 961 852 indefeffae
991 801 1300 853 strenuitatis
1324 805 1375 852 in
1401 798 1729 853 celeberrima
1760 799 1914 851 Budae

430 883 814 950 expugnatione
840 883 1003 949 prima
1031 880 1184 931 edidit
1210 879 1427 948 gloriosa
1456 880 1755 950 specimina,
1780 892 1837 929 ut
1864 882 1917 929 in

428 976 534 1009 una
569 958 823 1028 Equitum
849 958 1217 1010 Loricatorum
1246 958 1446 1028 legione
1476 957 1604 1010 Dux
1634 958 1784 1010 fuerit
1820 956 1915 1007 sta·

430 1041 525 1089 tim
576 1042 938 1088 renunciatus.
978 1037 1209 1089 Tantam
1244 1056 1456 1106 quoque
1484 1041 1538 1087 in
1578 1035 1918 1087 memoranda

428 1112 728 1165 Turcarum
754 1114 888 1183 apud
913 1114 1134 1164 Pontem
1158 1114 1383 1164 Esekum
1412 1112 1554 1163 clade
1583 1112 1799 1179 gloriam
1830 1112 1921 1164 fibi

433 1194 789 1260 comparavit,
831 1204 888 1241 ut
919 1194 971 1241 in
1007 1189 1393 1262 Transylvanos
1421 1203 1744 1261 pugnaturus
1775 1190 1920 1242 desti-

433 1284 583 1322 natus
601 1268 781 1338 ‚iisque
809 1268 1019 1320 feliciter
1044 1268 1262 1322 subactis
1281 1270 1464 1329 ,Primi
1492 1269 1703 1321 Statoris
1732 1287 1919 1320 munus

434 1353 487 1400 in
519 1348 695 1399 eadem
725 1347 926 1415 legione
945 1351 1316 1418 promeruerit.
1351 1349 1429 1400 Ea
1452 1347 1521 1405 est
1541 1347 1642 1400 sors
1673 1347 1823 1407 belli,
1845 1351 1923 1399 vi-

436 1446 512 1479 res
531 1426 724 1479 viribus
746 1426 927 1477 addere
943 1466 956 1486 ,
972 1426 1129 1479 facilis
1157 1430 1450 1497 provincia,
1471 1440 1614 1497 parta
1633 1426 1792 1496 gloria
1815 1445 1924 1476 ma-

434 1506 555 1576 joris
586 1504 896 1557 fortitudinis
940 1505 1028 1557 fibi
1065 1519 1210 1576 parat
1243 1509 1558 1558 incrementa
1590 1545 1606 1567 ,
1645 1511 1753 1575 quo
1783 1509 1922 1556 enim

436 1584 584 1638 laude
615 1584 856 1637 excrescit
883 1584 1047 1644 fama,
1064 1589 1127 1636 eo
1153 1589 1384 1653 vegetior
1410 1584 1542 1636 subit
1567 1584 1922 1648 animu53haee

439 1666 657 1733 quanvis
691 1663 935 1715 omnibus
983 1663 1134 1716 obvia
1156 1703 1168 1724 ,
1197 1664 1387 1732 releget
1417 1677 1590 1714 tamen
1625 1663 1837 1734 quisque
1869 1667 1922 1713 in

439 1741 639 1794 Carolo
666 1743 726 1794 de
759 1744 1002 1811 Sangri0‚
1033 1743 1178 1810 cujus
1218 1742 1435 1793 militare
1469 1741 1626 1793 robur
1659 1741 1746 1793 sub
1777 1742 1927 1791 Duce

441 1821 669 1873 Bavariae
697 1825 748 1872 in
776 1820 1011 1872 Tauruni
1038 1824 1446 1890 expugnatione,
1472 1833 1578 1871 tam
1607 1838 1748 1871 nova
1780 1818 1928 1870 sensit

442 1903 767 1950 incrementa
801 1901 1004 1949 virtutis
1024 1937 1036 1956 ‚
1066 1912 1124 1948 ut
1157 1897 1377 1948 Tribuni
1405 1898 1627 1950 militum
1656 1898 1928 1949 Loricato-

443 1995 563 2027 rum
597 1977 825 2045 Legatus
861 1975 1013 2027 fuerit
1055 1975 1231 2026 itidem
1278 1977 1304 2026 a
1334 1976 1532 2028 Caesare
1563 1980 1893 2028 renunciatus
1915 2015 1927 2026 .

440 2052 632 2125 Neque
661 2058 874 2125 imparia
915 2053 984 2105 sui
1037 2053 1234 2105 roboris
1264 2053 1474 2106 fuerunt
1506 2073 1562 2105 ea
1594 2092 1607 2115 ,
1645 2074 1755 2125 quae
1785 2051 1929 2121 gessit

441 2137 493 2184 in
521 2133 761 2202 Bulgaria
790 2133 879 2184 sub
903 2134 1133 2203 Principe
1153 2132 1527 2192 Badenfi‚cum
1559 2138 1610 2185 in
1638 2153 1770 2186 nova
1789 2134 1926 2184 Tur-

443 2230 626 2263 carum
661 2210 802 2261 clade
836 2251 851 2272 ,
892 2225 1005 2262 tnm
1042 2215 1091 2262 in
1123 2215 1503 2281 expugnatione
1541 2211 1928 2283 quamplurium

444 2289 584 2342 illius
613 2293 835 2357 regionis
867 2290 1073 2341 urbium
1103 2329 1114 2349 ,
1150 2308 1372 2360 quarum
1406 2290 1629 2342 custodia
1659 2295 1709 2342 in
1739 2290 1931 2363 hyber-

444 2372 531 2420 nis
551 2369 779 2439 probatae
799 2368 975 2420 Caroli
995 2367 1140 2428 fidei,
1163 2387 1219 2419 ac
1248 2373 1570 2439 experientiae
1596 2369 1692 2421 fuit
1723 2370 1931 2420 demam

447 2447 565 2499 data
596 2485 608 2498 .
649 2446 807 2498 Haud
851 2460 1025 2499 tamen
1060 2448 1274 2498 eandem
1305 2448 1602 2501 felicitatem
1635 2448 1815 2499 nostrae
1843 2466 1932 2498 co-

444 2529 540 2595 pia:
574 2524 857 2595 insequenti
888 2545 1024 2577 anno
1054 2525 1312 2579 senserunt
1344 2548 1358 2593 3
1398 2546 1520 2578 nam
1560 2527 1784 2579 hostibus
1827 2545 1931 2576 rna·

447 2607 593 2660 ximo
628 2622 849 2658 numero
882 2605 1315 2678 irrumpentibuS,
1345 2606 1600 2677 adjunctis
1637 2605 1936 2677 Oppidano-

1737 2701 1856 2735 rum
