2134 3324
398 377 738 451 franensium
755 415 768 438 ‚
786 375 871 429 ille
899 393 923 426 e
943 371 1460 441 Sano't'olucidenstum
1474 367 1888 429 Marcbionibm,

403 462 616 532 primus
643 453 818 508 morbo
839 453 1118 526 impeditus
1137 493 1151 515 ,
1179 452 1314 506 alter
1327 452 1525 527 fugam
1540 452 1783 522 perofits,
1808 463 1891 521 op-

402 534 660 611 preffique
676 573 689 596 ,
698 547 797 606 pro
815 533 896 586 CA
905 551 1041 586 Rom
1062 535 1195 608 Rege
1212 544 1428 586 mortem
1443 570 1456 592 ,
1478 530 1890 598 uti-virosfhrtes

412 614 586 688 decet,
617 614 965 686 imperterriti
987 616 1262 685 oppetiere.
1304 609 1413 662 Sed
1436 610 1596 680 stxto
1627 607 1739 679 post
1769 598 1893 658 Zelli

412 685 547 745 anno
578 730 592 754 ,
635 710 752 744 cum
793 689 1148 764 Neapolitana
1188 687 1442 762 expeditio
1457 683 1889 759 praeclariffi'mo,

395 768 782 842 fortiffimoque
812 773 956 831 vira,
984 768 1171 825 PVirico
1189 810 1201 830 ,
1241 770 1436 820 Comiti
1459 766 1519 820 de
1550 768 1713 819 Daun
1744 782 1776 814 a
1805 764 1891 831 Jo-

409 869 572 903 sEPHO
604 848 763 902 CAEs.
796 847 999 901 decreta
1031 847 1171 918 effi>t3
1208 848 1434 900 CAROLO
1470 847 1601 919 Regi
1628 884 1642 905 ‚
1680 861 1737 895 ea
1769 840 1891 894 a'eli-

409 928 669 980 beratione
698 930 1001 980 renunciata
1023 965 1035 987 ‚
1057 929 1237 999 prima
1264 943 1510 977 curarum
1528 922 1644 992 fitit
1669 942 1684 987 5
1721 925 1890 994 Regno

398 1022 560 1082 parto
580 1047 592 1067 ‚
612 1009 849 1078 primam
882 1008 1110 1058 omnium
1141 1003 1324 1056 Carolo
1356 1006 1393 1053 S
1399 1006 1576 1076 angrio
1604 1042 1617 1062 ‚
1663 999 1729 1053 <⁶5
1749 999 1890 1068 ἅψ-

395 1087 501 1160 pho
527 1089 744 1156 Capycio
763 1083 970 1155 publico
979 1083 1174 1150 funere
1203 1084 1510 1152 parentari.
1539 1083 1720 1149 Itaque
1737 1080 1890 1129 Dau-

406 1167 523 1216 nius
555 1176 654 1234 per
676 1161 952 1230 stammam
995 1161 1216 1211 nominis
1259 1159 1624 1210 authoritatem
1673 1196 1686 1217 ,
1729 1174 1887 1225 qnam

398 1238 815 1316 praeclarifflma
843 1257 1017 1291 rerum
1039 1233 1591 1311 gestarumfizmastbi
1622 1248 1888 1306 compara-

405 1325 489 1373 vit
519 1361 532 1382 ‚
565 1317 801 1388 ineffinsb
835 1319 1037 1392 agmine
1061 1315 1359 1384 universsaem
1390 1314 1600 1368 Italiam
1634 1313 1889 1382 emensas,

405 1403 507 1452 vix
539 1400 770 1472 Regnum
793 1436 806 1458 ,
843 1397 1105 1471 Regnique
1136 1407 1291 1466 caput
1330 1392 1607 1466 Neapolim
1643 1391 1888 1467 ingrffts

407 1478 471 1545 cst
503 1518 516 1538 ‚
559 1495 717 1547 quum
760 1492 791 1526 a
825 1477 957 1548 Rege
983 1472 1164 1525 literas
1196 1491 1252 1523 ea
1294 1471 1354 1524 de
1380 1493 1435 1524 re
1457 1471 1551 1545 ipsi
1581 1513 1593 1533 ‚
1636 1485 1889 1541 tanquam

406 1575 588 1630 agmen
618 1553 785 1606 adhuc
810 1553 1039 1622 facienti
1049 1552 1288 1624 scriptas
1329 1554 1382 1602 in
1426 1550 1557 1602 hanc
1567 1551 1886 1619 sententiam

407 1638 598 1707 accepit
619 1672 631 1684 .

567 1712 708 1764 Cum
747 1729 932 1762 eorum
968 1749 982 1770 ‚
1025 1713 1116 1781 qui
1151 1728 1244 1780 per
1277 1707 1492 1776 gloriam
1531 1727 1628 1778 pro
1662 1727 1780 1759 meo
1811 1724 1888 1760 re-

409 1811 517 1862 gno
546 1790 906 1842 occubuerunt
924 1829 936 1850 ‚
962 1807 1083 1840 cum
1113 1793 1353 1839 omnium
1375 1827 1388 1849 ,
1415 1801 1527 1840 tum
1559 1786 1740 1839 Caroli
1767 1788 1887 1838 San—

406 1874 504 1939 grii
525 1908 538 1932 ,
556 1873 605 1922 &
623 1869 828 1937 Josephi
856 1868 1075 1940 Capycii
1102 1870 1329 1919 maxime
1350 1905 1363 1926 ,
1380 1868 1431 1917 δε
1453 1884 1610 1937 quam
1639 1866 1768 1918 bene
1789 1863 1886 1918 sint

407 1949 470 2000 de
489 1966 573 2000 me
593 1946 693 1999 fide
710 1986 723 2007 ‚
741 1948 790 1998 &
815 1963 997 1997 amore
1023 1947 1192 1997 meriti
1211 1962 1416 1995 memor
1435 1963 1584 2013 agam
1603 1965 1618 2008 3
1636 1945 1885 2013 Cumque

405 2027 534 2078 mihi
567 2025 797 2097 ipsorum
829 2028 997 2094 capita
1016 2021 1476 2075 Andecavenfium
1496 2022 1656 2074 Ducis
1686 2021 1814 2093 juffu
1834 2026 1884 2082 in

408 2106 536 2158 urbe
566 2102 792 2174 Neapoli
837 2103 1055 2155 ostentui
1082 2100 1310 2173 expolita
1349 2100 1443 2154 effe
1474 2102 1748 2164 dicantur3
1781 2101 1885 2169 jam

410 2197 617 2253 tempus
664 2183 813 2235 datur
858 2183 1042 2253 (spero
1086 2185 1223 2233 enim
1265 2199 1329 2233 ex
1367 2181 1455 2234 sua
1488 2185 1677 2233 virtute
1710 2180 1886 2231 Deum

408 2263 539 2333 Opt.
575 2261 723 2314 Max.
768 2278 913 2312 meae
954 2261 1032 2330 jus
1074 2258 1271 2312 caussae
1313 2263 1366 2312 in
1416 2260 1886 2332 ejusffexpeditione

410 2341 576 2410 Regni
607 2340 974 2410 adjuvaturum
1003 2341 1028 2407 ⁴)
1072 2352 1128 2391 ut
1168 2343 1222 2391 iis
1262 2337 1590 2410 sepulchrum
1622 2356 1716 2409 pro
1750 2341 1887 2390 viro-

409 2438 528 2473 rum
565 2457 580 2480 ,
622 2436 680 2470 ac
721 2436 896 2471 rerum
947 2417 1203 2486 gestarum
1247 2417 1493 2485 dignitate
1533 2414 1887 2470 honorificum

411 2510 715 2551 extruatur.
746 2497 831 2552 Ac
857 2516 953 2568 pro
981 2501 1202 2568 imperio
1232 2500 1351 2549 item
1383 2497 1534 2567 jubeo
1555 2537 1568 2558 ‚
1598 2497 1767 2548 iisdem
1795 2495 1888 2547 illi-

415 2596 481 2629 co
515 2576 667 2629 funus
686 2616 700 2638 ‚
727 2590 983 2648 quantum
1009 2591 1130 2648 pote
1159 2575 1225 2628 est
1246 2617 1258 2637 ,
1292 2573 1682 2645 magnificenter
1708 2574 1888 2627 inslrur

411 2656 560 2710 (stum
593 2674 737 2709 cures
771 2675 785 2710 ς
828 2656 891 2708 ad
935 2655 1078 2726 quod
1119 2673 1303 2708 omnes
1341 2655 1674 2725 Magistratus
1710 2669 1887 2706 tecum

1704 2732 1801 2784 fre-
