2134 3324
1540 251 1569 293 9

175 305 293 363 rum
324 307 546 371 aux'iliis3
579 311 628 362 &
653 308 831 370 urbeS‚
850 313 901 360 in
929 305 1449 378 BulgariassibadstaS,
1480 309 1653 360 amise-

173 404 297 442 runt
313 429 327 451 ‚
346 392 394 442 δε
415 387 778 459 deplorabilem
797 386 1032 440 Tauruni
1058 387 1316 458 jacturam
1335 387 1528 440 fecere·
1542 387 1654 440 Ad-

175 473 347 521 mirati
377 467 536 537 usque
569 467 729 519 modo
762 467 869 518 estis
902 467 1080 519 Caroli
1105 466 1320 518 militare
1339 467 1528 527 robur,
1548 485 1653 518 am-

172 546 304 618 plior
328 546 473 599 vobis
494 545 641 598 datur
659 545 775 598 ansa
793 586 807 607 ‚
824 545 885 597 ad
913 547 1018 616 ejus
1048 549 1483 616 aequanimitatem
1509 562 1655 598 com-

173 625 517 677 mendandam
539 664 551 685 ,
591 644 723 696 qua,
754 627 805 677 &
839 624 968 677 illius
991 627 1268 677 Provinciae
1297 625 1546 677 damnum
1585 624 1655 676 al-

172 709 291 757 tiori
324 704 405 775 spe
437 703 795 756 consolabatur
829 744 843 765 ,
888 706 938 756 &
974 703 1179 756 suarum
1213 704 1470 775 jacturam
1505 703 1653 756 sarci-

171 801 356 835 narum
393 783 602 835 viriliter
640 782 981 853 contempsit-
1016 783 1209 836 Placuit
1245 796 1420 835 tamen
1452 783 1655 835 Coeliti-

172 860 264 914 bus
287 901 300 922 ‚
336 865 424 933 qui
461 881 565 914 non
601 860 776 915 finunt
806 862 1175 933 usquequaque
1213 877 1480 913 armorum
1517 861 1654 931 justi-

169 944 297 991 tiam
333 940 525 1003 deseri,
553 956 611 993 ut
643 941 821 993 deinde
851 940 941 993 sub
974 942 1156 993 eodem
1186 942 1414 1012 Principe
1440 939 1654 993 Badenfi

168 1018 339 1070 nullus
367 1019 519 1073 fuerit
546 1020 731 1072 modus
760 1020 1058 1072 Turcarum
1087 1019 1306 1073 caedibus
1335 1041 1349 1086 3
1376 1022 1533 1090 quare
1567 1019 1654 1072 de-

165 1096 268 1149 leta
295 1103 512 1149 omnino
531 1099 747 1149 barbara
766 1098 849 1149 illa
870 1099 1046 1149 Gente
1073 1117 1196 1150 cum
1224 1099 1315 1149 suo
1332 1116 1517 1167 ,quem
1536 1097 1651 1150 vul-

165 1179 235 1242 go
268 1174 443 1226 dicunt
462 1215 475 1235 ‚
502 1176 676 1226 Primo
706 1174 871 1226 Vifire
899 1216 913 1236 ,
957 1175 1200 1228 Caesareae
1232 1180 1361 1227 acies
1391 1180 1651 1228 internici-

164 1271 293 1305 num
325 1251 520 1303 bellum
553 1266 846 1313 certarunt,
866 1271 958 1303 nec
979 1271 1086 1304 non
1114 1254 1484 1323 impedimenta
1515 1273 1654 1325 quae-

163 1348 264 1402 que
301 1370 315 1391 ,
347 1329 574 1402 ipsorum
613 1331 769 1383 castra
798 1370 812 1391 ‚
855 1348 1171 1401 omnemque
1216 1349 1327 1382 rem
1372 1346 1652 1385 tormenta-

160 1413 291 1462 riam
317 1449 330 1470 ,
373 1409 628 1479 adjunctis
671 1406 1062 1480 opulentissimis
1094 1413 1460 1480 promptuariis
1494 1430 1650 1464 occu-

160 1502 350 1560 parunt
381 1528 394 1541 .
437 1489 607 1559 Hujus
634 1503 741 1540 tam
774 1487 979 1556 insignis
1009 1488 1240 1541 vietoriae
1275 1489 1413 1542 fama
1443 1530 1457 1551 ,
1489 1504 1544 1542 ut
1587 1490 1650 1543 ad

161 1567 374 1620 Caesaris
406 1586 552 1620 aures
579 1572 841 1639 pervenit,
872 1570 922 1621 δε
949 1582 1006 1620 ut
1031 1567 1283 1638 insignem
1313 1567 1523 1640 quoque
1546 1570 1650 1622 Ca-

158 1645 256 1698 roli
295 1665 508 1718 operam
539 1651 590 1699 in
616 1647 716 1700 hoc
748 1646 1000 1701 conflictu
1037 1653 1287 1717 cognovit
1319 1688 1332 1709 ‚
1358 1646 1651 1720 speciosiffi-

155 1743 246 1777 ma
280 1745 441 1778 aureae
469 1725 622 1779 clavis
649 1727 865 1797 equestri
896 1727 1139 1795 dignitate
1169 1727 1334 1798 ipsum
1367 1726 1645 1796 insignivit.

158 1801 505 1866 Immenffim‘,
534 1806 584 1857 δε
611 1822 770 1876 prope
801 1803 1063 1857 infinitum
1082 1845 1095 1866 ‚
1129 1807 1270 1875 quod
1297 1808 1472 1858 Patriae
1499 1805 1650 1858 debe-

154 1900 273 1935 mus
306 1923 319 1943 ,
353 1886 620 1954 nunquam
652 1882 914 1954 possumus
954 1887 1125 1951 gratiis
1171 1885 1433 1936 cumulate
1469 1904 1649 1955 repen-

158 1960 294 2025 sare3
323 1964 560 2015 Parentes
590 1958 940 2022 chariffimos,
977 1962 1157 2013 Vitam
1189 2001 1202 2022 ,
1238 1963 1612 2029 Patrimonium
1633 2003 1649 2024 ,

157 2041 430 2100 Honora,
456 2041 640 2110 quibus
668 2039 736 2091 nil
763 2040 907 2091 nobis
933 2040 1094 2111 potest
1121 2038 1217 2092 effe
1248 2040 1522 2110 jucundius
1544 2079 1557 2100 ,
1574 2041 1648 2092 so·

159 2117 192 2170 li
220 2120 395 2170 Patriae
425 2118 890 2185 debemus;·unu1n
915 2119 1116 2191 superat
1135 2137 1271 2189 ‚quo
1301 2121 1441 2180 haec,
1460 2122 1509 2171 δε
1538 2138 1648 2171 ma-

157 2198 268 2267 jora
298 2198 575 2267 rependere
600 2195 878 2269 poffimus,
911 2196 1142 2266 gloriofis
1170 2216 1357 2269 nempe
1387 2199 1533 2266 gestis
1558 2218 1647 2268 pa-

159 2280 308 2328 triam
335 2276 668 2328 illustrando·
712 2276 840 2345 Qo
883 2281 1039 2346 igitur
1087 2277 1235 2329 altius
1282 2281 1433 2329 unius
1464 2276 1643 2330 Caroli

156 2359 348 2408 virtute
379 2354 780 2426 Neapolitanum
812 2375 1005 2408 nomen
1050 2359 1101 2407 in
1130 2356 1415 2408 Germania
1446 2354 1642 2407 fereba-

157 2446 243 2485 tur
275 2473 289 2494 ,
331 2439 395 2485 eo
421 2433 466 2485 se
504 2434 713 2486 arctius·
737 2431 1141 2506 praestantiffimo
1179 2435 1298 2488 Civi
1325 2433 1643 2496 devinctam,

156 2515 452 2564 communis
497 2516 655 2582 patria
686 2512 940 2566 fatebatur
967 2554 978 2566 .
1022 2514 1150 2565 Non
1195 2512 1292 2564 fert
1330 2516 1529 2565 animus
1557 2533 1644 2584 pa-

158 2594 392 2643 tientiam
422 2592 641 2643 vestram
672 2591 902 2661 pluribus
932 2595 1121 2643 morari
1150 2630 1163 2651 ‚
1203 2610 1296 2643 nec
1323 2591 1483 2644 laxius
1515 2592 1642 2643 mihi

153 2683 364 2742 tempus
383 2710 396 2732 ‚
425 2688 519 2727 nec
547 2670 749 2740 longius
781 2671 1011 2744 proferre
1045 2671 1303 2723 sermones
1319 2670 1643 2734 ‚concessum

936 2751 978 2802 Β
1463 2748 1564 2817 est5
