2134 3324
497 214 525 258 6

415 282 704 338 honoribus
730 276 1321 335 exornanda-constituit
1341 319 1353 333 .
1394 272 1577 349 Qam
1608 283 1777 354 quaeso
1805 281 1903 336 Di-

414 367 640 416 vinitatis
687 361 1236 429 Imaginem'mortale
1264 362 1367 414 hoc
1409 360 1642 413 nostrum
1673 362 1902 433 proferre

415 442 582 513 potest
629 437 997 512 expreffiorem
1050 459 1153 511 prae
1196 459 1253 491 ea
1287 479 1302 501 ,
1344 458 1501 512 quam
1545 440 1698 508 Regis
1744 442 1900 493 nostri

415 521 643 574 Animus
664 520 882 588 ‚,gesta‚
916 533 1069 589 atque
1101 532 1315 571 conatus
1347 559 1361 581 ,
1409 518 1556 572 nobis
1585 523 1637 571 in
1670 519 1765 571 suae
1794 538 1904 570 mo-

417 599 698 650 derationis
731 597 981 650 vestibulo
1012 599 1344 669 conspicuam
1365 638 1378 659 ,
1398 611 1505 650 tam
1537 598 1705 652 vivide
1723 599 1904 649 adum-

415 678 634 729 brarunt
661 716 676 738 ,
708 677 834 729 dum
864 691 946 729 tot
973 677 1296 748 Populorum
1322 681 1573 746 regimina
1593 717 1605 738 ,
1623 677 1754 729 hisce
1789 677 1902 728 fun-

415 756 669 808 damentis
693 759 948 827 ,apprime
984 755 1134 826 jactis
1151 797 1164 818 ,
1181 754 1439 808 firmanda
1469 755 1565 808 effe
1583 756 1865 818 ,censuerit
1885 796 1897 808 .

415 835 600 904 Atque
629 835 679 886 id
710 835 936 905 quidem*
967 854 1030 888 ex
1054 836 1156 887 hoc
1186 855 1294 888 uno
1325 834 1563 904 Dignitas
1595 836 1788 896 vestra,
1823 837 1908 885 Sa-

415 909 710 985 pientiffimi
737 915 981 966 Proceres
1001 955 1014 975 ‚
1046 915 1287 983 agnoscat
1313 955 1327 976 ‚
1353 915 1524 985 quod,
1553 912 1644 966 etfi
1681 918 1761 965 cui
1796 913 1909 964 sub-

417 991 556 1043 tilius
584 992 824 1064 disputari
851 994 1112 1047 videbitur
1144 1034 1158 1054 ,
1199 996 1423 1065 apertius
1463 1011 1573 1045 rem
1600 992 1908 1044 concludere

419 1070 674 1130 fateatur,
705 1070 901 1121 necesse
931 1072 1026 1123 est.
1059 1073 1278 1121 Id-enim
1312 1091 1469 1120 omne
1496 1108 1510 1127 ,
1543 1075 1627 1120 cui
1652 1072 1795 1121 Deus
1830 1085 1908 1123 to-

418 1161 502 1200 tus
522 1147 590 1198 est
607 1186 620 1208 ,
636 1145 738 1198 five
761 1158 819 1198 ut
846 1158 1046 1198 aeternae
1065 1144 1419 1198 foecunditatis
1446 1147 1760 1216 Principium
1780 1187 1792 1207 ‚
1809 1147 1910 1200 five

419 1241 480 1279 ut
498 1226 604 1295 ejus
620 1265 633 1285 ,
648 1225 789 1295 quod
803 1228 1030 1295 tempori
1051 1228 1246 1293 aptavit
1265 1263 1278 1284 ,
1297 1223 1465 1276 Causa
1482 1263 1495 1285 ,
1510 1222 1775 1276 ineffabilis
1805 1224 1910 1278 laus

421 1305 492 1357 est
523 1306 803 1357 Bonitatis:
829 1307 1016 1355 iccirco
1044 1302 1232 1370 Regius
1260 1301 1444 1355 Psaltes
1468 1307 1732 1355 neminem
1765 1308 1910 1356 inve-

421 1387 525 1444 nit,
560 1383 755 1434 nedum
788 1386 878 1452 qui
908 1381 1153 1452 loquatur
1183 1383 1440 1434 potentias
1468 1382 1686 1435 Domini
1719 1423 1732 1444 ,
1763 1402 1909 1435 nem-

421 1482 483 1534 pe
519 1480 630 1532 quae
666 1460 831 1513 facere
864 1462 1026 1531 potest
1052 1460 1196 1513 Deus
1234 1501 1248 1523 ,
1293 1460 1375 1512 sed
1403 1480 1569 1532 neque
1597 1467 1687 1532 qui
1714 1464 1908 1518 auditas

421 1541 576 1596 faciat
604 1559 785 1593 omnes
827 1541 933 1611 ejus
981 1540 1153 1591 laudes
1186 1580 1198 1601 ‚
1241 1544 1416 1592 onmia
1447 1541 1688 1595 videlicet
1725 1561 1911 1612 opera,

425 1639 539 1693 quae
568 1624 756 1671 merito
786 1619 956 1672 laudes
990 1638 1290 1691 nuncupare
1316 1620 1556 1684 videtui-3
1590 1638 1719 1691 opus
1754 1625 1912 1683 enim,

424 1699 568 1770 quod
594 1700 663 1752 est
689 1699 915 1770 undique
949 1699 1149 1751 bonum
1167 1698 1303 1760 ‚laus
1338 1698 1406 1749 est
1434 1699 1712 1764 Bonitatis5
1735 1700 1910 1751 Deum

423 1782 609 1846 igitur,
642 1782 801 1849 quam
836 1777 1092 1830 fimillime
1120 1781 1484 1847 exprimimus,
1513 1797 1633 1829 cum
1662 1779 1739 1838 icl,
1769 1779 1910 1848 quod

425 1862 657 1924 agimus,
685 1858 794 1908 laus
827 1857 895 1908 est
940 1857 1072 1908 Boni
1107 1894 1119 1905 .
1161 1855 1254 1906 Nil
1293 1874 1418 1923 ergo
1454 1856 1600 1907 nobis
1637 1857 1910 1927 optabilius

426 1940 631 1987 evenire
676 1938 845 2005 potuit
889 1933 951 1983 ad
982 1936 1184 1984 virtutis
1219 1936 1571 1986 incitationem
1603 1975 1616 1996 ,
1660 1954 1760 2004 qua
1807 1935 1910 1987 sola

424 2013 578 2066 Duce
618 2013 857 2065 homiues
893 2030 1028 2063 verae
1059 2011 1217 2063 laudis
1256 2015 1453 2082 apicem
1494 2018 1785 2082 attingunt,
1823 2013 1912 2065 nifi

429 2093 574 2163 quod
613 2097 668 2144 in
705 2094 939 2161 Principe
978 2104 1150 2142 tantus
1196 2089 1393 2162 semper
1438 2091 1627 2144 crescat
1663 2093 1909 2144 Bonitatis

429 2171 585 2223 ardor
606 2209 620 2230 ‚
647 2183 706 2221 ut
743 2170 850 2238 ejus
879 2169 1051 2221 cursus
1090 2168 1228 2221 nulla
1265 2188 1386 2221 cura
1408 2209 1420 2230 ‚
1450 2170 1531 2222 vel
1561 2171 1763 2242 publica
1782 2212 1795 2233 ,
1825 2171 1910 2223 vel

428 2253 631 2320 privata
661 2248 927 2319 praepediri
965 2245 1145 2319 poffit,
1185 2252 1311 2318 quin
1343 2254 1517 2302 omnia
1545 2251 1606 2301 acl
1638 2252 1910 2302 BONoRuM

428 2328 668 2382 LAuDEM
702 2327 948 2397 exquisita
978 2331 1334 2398 pervenerint.
1381 2328 1449 2379 Et
1497 2328 1610 2381 sane
1644 2328 1905 2399 auspicato

432 2406 750 2459 credendum
783 2407 851 2458 est
885 2407 1034 2476 Regis
1072 2406 1224 2458 nostri
1254 2419 1489 2477 coeptum
1514 2448 1526 2468 ‚
1563 2407 1599 2461 fi
1642 2410 1911 2460 Bonorum

431 2485 664 2538 laudibus
680 2489 909 2537 intentus
926 2526 938 2546 ,
958 2505 1077 2554 erga
1104 2486 1374 2554 Sangrium
1393 2527 1405 2546 ,
1422 2489 1470 2539 δε
1489 2488 1781 2560 Capycium
1813 2490 1910 2557 pri-

433 2582 520 2617 ma
553 2563 668 2616 sunt
702 2564 809 2633 ejus
845 2565 1215 2617 meditamenta
1248 2605 1259 2617 .
1298 2565 1555 2635 Equidem
1588 2565 1624 2617 fi
1655 2565 1909 2616 Carolum

435 2643 494 2698 de
529 2643 743 2717 Sangrio
773 2644 1001 2697 attendas
1032 2680 1047 2706 ‚-
1092 2643 1165 2697 nil
1197 2648 1365 2715 potuit
1397 2646 1611 2714 Regiam
1644 2643 1869 2696 indolem
1890 2684 1905 2705 ‚

1777 2723 1837 2774 ad
