<?xml version="1.0" encoding="UTF-8"?>
<!DOCTYPE html PUBLIC "-//W3C//DTD XHTML 1.0 Transitional//EN"
    "http://www.w3.org/TR/xhtml1/DTD/xhtml1-transitional.dtd">
<html xmlns="http://www.w3.org/1999/xhtml" xml:lang="en" lang="en">
 <head>
  <title>
</title>
<meta http-equiv="Content-Type" content="text/html;charset=utf-8" />
  <meta name='ocr-system' content='tesseract 3.04.00' />
  <meta name='ocr-capabilities' content='ocr_page ocr_carea ocr_par ocr_line ocrx_word'/>
</head>
<body>
  <div class='ocr_page' id='page_1' title='image "./publicumcarolisa00daun_0042.png"; bbox 0 0 2134 3324; ppageno 0'>
   <div class='ocr_carea' id='block_1_1' title="bbox 338 304 1911 2848">
    <p class='ocr_par' dir='ltr' id='par_1_1' title="bbox 370 304 1911 2477">
     <span class='ocr_line' id='line_1_1' title="bbox 463 304 533 336; baseline 0.014 -1"><span class='ocrx_word' id='word_1_1' title='bbox 463 304 533 336; x_wconf 84' lang='lat'>20</span> 
     </span>
     <span class='ocr_line' id='line_1_2' title="bbox 383 353 1911 425; baseline -0.004 -9"><span class='ocrx_word' id='word_1_2' title='bbox 383 369 479 425; x_wconf 82' lang='lat' dir='ltr'>xii,</span> <span class='ocrx_word' id='word_1_3' title='bbox 506 365 630 414; x_wconf 90' lang='lat' dir='ltr'>dum</span> <span class='ocrx_word' id='word_1_4' title='bbox 666 364 774 413; x_wconf 77' lang='lat' dir='ltr'>haec</span> <span class='ocrx_word' id='word_1_5' title='bbox 803 359 1222 411; x_wconf 83' lang='lat' dir='ltr'>commonefacio</span> <span class='ocrx_word' id='word_1_6' title='bbox 1258 399 1272 420; x_wconf 92' lang='lat'>‚</span> <span class='ocrx_word' id='word_1_7' title='bbox 1306 377 1451 411; x_wconf 86' lang='lat' dir='ltr'>aures</span> <span class='ocrx_word' id='word_1_8' title='bbox 1485 358 1697 412; x_wconf 62' lang='lat' dir='ltr'>arred‘tae</span> <span class='ocrx_word' id='word_1_9' title='bbox 1729 398 1742 420; x_wconf 88' lang='lat'>‚</span> <span class='ocrx_word' id='word_1_10' title='bbox 1774 353 1911 411; x_wconf 81' lang='lat' dir='ltr'>oculi</span> 
     </span>
     <span class='ocr_line' id='line_1_3' title="bbox 384 436 1910 508; baseline -0.004 -14"><span class='ocrx_word' id='word_1_11' title='bbox 384 446 565 494; x_wconf 88' lang='lat' dir='ltr'>intenti</span> <span class='ocrx_word' id='word_1_12' title='bbox 588 481 601 502; x_wconf 87' lang='lat'><strong><em>‚</em></strong></span> <span class='ocrx_word' id='word_1_13' title='bbox 639 440 897 492; x_wconf 85' lang='lat' dir='ltr'>filentium</span> <span class='ocrx_word' id='word_1_14' title='bbox 934 476 947 498; x_wconf 93' lang='lat'><strong><em>,</em></strong></span> <span class='ocrx_word' id='word_1_15' title='bbox 989 455 1096 508; x_wconf 89' lang='lat' dir='ltr'>quo</span> <span class='ocrx_word' id='word_1_16' title='bbox 1124 437 1348 491; x_wconf 86' lang='lat' dir='ltr'>fitienter</span> <span class='ocrx_word' id='word_1_17' title='bbox 1378 436 1668 490; x_wconf 79' lang='lat' dir='ltr'>auscultatis</span> <span class='ocrx_word' id='word_1_18' title='bbox 1707 476 1721 498; x_wconf 92' lang='lat'>,</span> <span class='ocrx_word' id='word_1_19' title='bbox 1762 437 1910 499; x_wconf 80' lang='lat' dir='ltr'>satiS,</span> 
     </span>
     <span class='ocr_line' id='line_1_4' title="bbox 382 515 1911 591; baseline -0.003 -19"><span class='ocrx_word' id='word_1_20' title='bbox 382 523 607 573; x_wconf 89' lang='lat' dir='ltr'>indicant</span> <span class='ocrx_word' id='word_1_21' title='bbox 633 519 854 588; x_wconf 84' lang='lat' dir='ltr'>,Sangrii</span> <span class='ocrx_word' id='word_1_22' title='bbox 888 517 1226 569; x_wconf 85' lang='lat' dir='ltr'>constantiam</span> <span class='ocrx_word' id='word_1_23' title='bbox 1255 558 1268 579; x_wconf 92' lang='lat'><strong>,</strong></span> <span class='ocrx_word' id='word_1_24' title='bbox 1299 519 1515 591; x_wconf 80' lang='lat' dir='ltr'>Capycii</span> <span class='ocrx_word' id='word_1_25' title='bbox 1550 515 1911 570; x_wconf 83' lang='lat' dir='ltr'>fortitudinem</span> 
     </span>
     <span class='ocr_line' id='line_1_5' title="bbox 376 594 1909 666; baseline -0.003 -14"><span class='ocrx_word' id='word_1_26' title='bbox 376 605 441 652; x_wconf 79' lang='lat' dir='ltr'>eo</span> <span class='ocrx_word' id='word_1_27' title='bbox 472 617 564 649; x_wconf 90' lang='lat' dir='ltr'>vos</span> <span class='ocrx_word' id='word_1_28' title='bbox 593 597 850 650; x_wconf 59' lang='lat' dir='ltr'>delectare</span> <span class='ocrx_word' id='word_1_29' title='bbox 871 636 884 657; x_wconf 94' lang='lat'>,</span> <span class='ocrx_word' id='word_1_30' title='bbox 922 614 980 647; x_wconf 89' lang='lat' dir='ltr'>ac</span> <span class='ocrx_word' id='word_1_31' title='bbox 1011 600 1244 648; x_wconf 87' lang='lat' dir='ltr'>animum</span> <span class='ocrx_word' id='word_1_32' title='bbox 1277 595 1545 666; x_wconf 89' lang='lat' dir='ltr'>voluptate</span> <span class='ocrx_word' id='word_1_33' title='bbox 1577 594 1782 648; x_wconf 81' lang='lat' dir='ltr'>titillare</span> <span class='ocrx_word' id='word_1_34' title='bbox 1803 596 1909 656; x_wconf 80' lang='lat' dir='ltr'>,ut</span> 
     </span>
     <span class='ocr_line' id='line_1_6' title="bbox 379 676 1908 744; baseline -0.003 -15"><span class='ocrx_word' id='word_1_35' title='bbox 379 684 429 730; x_wconf 88' lang='lat' dir='ltr'>in</span> <span class='ocrx_word' id='word_1_36' title='bbox 466 677 615 729; x_wconf 90' lang='lat' dir='ltr'>vobis</span> <span class='ocrx_word' id='word_1_37' title='bbox 651 676 870 728; x_wconf 86' lang='lat' dir='ltr'>sentiatis</span> <span class='ocrx_word' id='word_1_38' title='bbox 891 715 904 736; x_wconf 92' lang='lat'>‚</span> <span class='ocrx_word' id='word_1_39' title='bbox 925 692 1046 744; x_wconf 84' lang='lat' dir='ltr'>erga</span> <span class='ocrx_word' id='word_1_40' title='bbox 1075 689 1248 727; x_wconf 85' lang='lat' dir='ltr'>tantos</span> <span class='ocrx_word' id='word_1_41' title='bbox 1283 676 1441 727; x_wconf 87' lang='lat' dir='ltr'>Cives</span> <span class='ocrx_word' id='word_1_42' title='bbox 1469 693 1646 726; x_wconf 85' lang='lat' dir='ltr'>amore</span> <span class='ocrx_word' id='word_1_43' title='bbox 1681 677 1908 734; x_wconf 90' lang='lat' dir='ltr'>concuti,</span> 
     </span>
     <span class='ocr_line' id='line_1_7' title="bbox 380 750 1909 822; baseline -0.002 -14"><span class='ocrx_word' id='word_1_44' title='bbox 380 775 437 808; x_wconf 82' lang='lat' dir='ltr'>ac</span> <span class='ocrx_word' id='word_1_45' title='bbox 465 773 648 809; x_wconf 88' lang='lat' dir='ltr'>eorum</span> <span class='ocrx_word' id='word_1_46' title='bbox 677 755 1006 808; x_wconf 69' lang='lat' dir='ltr'>:emulatione</span> <span class='ocrx_word' id='word_1_47' title='bbox 1030 757 1240 806; x_wconf 74' lang='lat' dir='ltr'>interius</span> <span class='ocrx_word' id='word_1_48' title='bbox 1262 754 1498 805; x_wconf 75' lang='lat' dir='ltr'>excitari.</span> <span class='ocrx_word' id='word_1_49' title='bbox 1519 750 1729 805; x_wconf 84' lang='lat' dir='ltr'>Definat</span> <span class='ocrx_word' id='word_1_50' title='bbox 1754 756 1909 822; x_wconf 83' lang='lat' dir='ltr'>igitur</span> 
     </span>
     <span class='ocr_line' id='line_1_8' title="bbox 382 832 1910 900; baseline -0.003 -12"><span class='ocrx_word' id='word_1_51' title='bbox 382 835 677 888; x_wconf 87' lang='lat' dir='ltr'>nostrorum</span> <span class='ocrx_word' id='word_1_52' title='bbox 698 835 911 887; x_wconf 80' lang='lat' dir='ltr'>Civium</span> <span class='ocrx_word' id='word_1_53' title='bbox 930 873 942 894; x_wconf 90' lang='lat'>‚</span> <span class='ocrx_word' id='word_1_54' title='bbox 963 832 1049 885; x_wconf 83' lang='lat' dir='ltr'>vel</span> <span class='ocrx_word' id='word_1_55' title='bbox 1068 832 1328 886; x_wconf 86' lang='lat' dir='ltr'>laboribus</span> <span class='ocrx_word' id='word_1_56' title='bbox 1346 873 1359 893; x_wconf 92' lang='lat'>,</span> <span class='ocrx_word' id='word_1_57' title='bbox 1379 832 1466 887; x_wconf 82' lang='lat' dir='ltr'>v&#39;el</span> <span class='ocrx_word' id='word_1_58' title='bbox 1494 832 1660 900; x_wconf 87' lang='lat' dir='ltr'>Regiis</span> <span class='ocrx_word' id='word_1_59' title='bbox 1675 833 1770 892; x_wconf 92' lang='lat' dir='ltr'>,ob</span> <span class='ocrx_word' id='word_1_60' title='bbox 1797 845 1910 883; x_wconf 87' lang='lat' dir='ltr'>tan-</span> 
     </span>
     <span class='ocr_line' id='line_1_9' title="bbox 379 913 1910 982; baseline -0.003 -16"><span class='ocrx_word' id='word_1_61' title='bbox 379 929 459 966; x_wconf 87' lang='lat' dir='ltr'>tos</span> <span class='ocrx_word' id='word_1_62' title='bbox 488 914 705 975; x_wconf 86' lang='lat' dir='ltr'>labores,</span> <span class='ocrx_word' id='word_1_63' title='bbox 725 913 1027 973; x_wconf 78' lang='lat' dir='ltr'>honoribuS‚</span> <span class='ocrx_word' id='word_1_64' title='bbox 1042 913 1268 966; x_wconf 89' lang='lat' dir='ltr'>invidere</span> <span class='ocrx_word' id='word_1_65' title='bbox 1286 954 1298 974; x_wconf 89' lang='lat'>‚</span> <span class='ocrx_word' id='word_1_66' title='bbox 1315 915 1402 982; x_wconf 88' lang='lat' dir='ltr'>qui</span> <span class='ocrx_word' id='word_1_67' title='bbox 1421 951 1433 972; x_wconf 93' lang='lat'>‚</span> <span class='ocrx_word' id='word_1_68' title='bbox 1448 930 1555 963; x_wconf 90' lang='lat' dir='ltr'>non</span> <span class='ocrx_word' id='word_1_69' title='bbox 1568 914 1723 981; x_wconf 83' lang='lat' dir='ltr'>aequis</span> <span class='ocrx_word' id='word_1_70' title='bbox 1747 913 1910 965; x_wconf 87' lang='lat' dir='ltr'>virtu-</span> 
     </span>
     <span class='ocr_line' id='line_1_10' title="bbox 378 989 1911 1064; baseline -0.004 -18"><span class='ocrx_word' id='word_1_71' title='bbox 378 994 513 1046; x_wconf 86' lang='lat' dir='ltr'>tibus</span> <span class='ocrx_word' id='word_1_72' title='bbox 533 1007 848 1064; x_wconf 81' lang='lat' dir='ltr'>praeornatus</span> <span class='ocrx_word' id='word_1_73' title='bbox 867 1032 879 1053; x_wconf 93' lang='lat'>‚</span> <span class='ocrx_word' id='word_1_74' title='bbox 894 990 1010 1043; x_wconf 85' lang='lat' dir='ltr'>talia</span> <span class='ocrx_word' id='word_1_75' title='bbox 1029 990 1269 1061; x_wconf 72' lang='lat' dir='ltr'>peregisse</span> <span class='ocrx_word' id='word_1_76' title='bbox 1285 1031 1297 1052; x_wconf 90' lang='lat'><strong>,</strong></span> <span class='ocrx_word' id='word_1_77' title='bbox 1317 990 1576 1043; x_wconf 72' lang='lat' dir='ltr'>molestius</span> <span class='ocrx_word' id='word_1_78' title='bbox 1602 989 1911 1041; x_wconf 81' lang='lat' dir='ltr'>admiratur.</span> 
     </span>
     <span class='ocr_line' id='line_1_11' title="bbox 376 1066 1909 1139; baseline -0.002 -16"><span class='ocrx_word' id='word_1_79' title='bbox 376 1071 493 1123; x_wconf 92' lang='lat' dir='ltr'>Nec</span> <span class='ocrx_word' id='word_1_80' title='bbox 526 1072 822 1123; x_wconf 78' lang='lat' dir='ltr'>suadentem</span> <span class='ocrx_word' id='word_1_81' title='bbox 856 1084 1159 1120; x_wconf 85' lang='lat' dir='ltr'>contemnat</span> <span class='ocrx_word' id='word_1_82' title='bbox 1198 1085 1213 1133; x_wconf 69' lang='grc' dir='ltr'><strong>ς</strong></span> <span class='ocrx_word' id='word_1_83' title='bbox 1256 1066 1786 1138; x_wconf 83' lang='lat' dir='ltr'>praestantiffimorum</span> <span class='ocrx_word' id='word_1_84' title='bbox 1817 1082 1909 1139; x_wconf 75' lang='lat' dir='ltr'>po·‘</span> 
     </span>
     <span class='ocr_line' id='line_1_12' title="bbox 376 1147 1910 1216; baseline -0.003 -15"><span class='ocrx_word' id='word_1_85' title='bbox 376 1152 474 1201; x_wconf 75' lang='lat' dir='ltr'>tius</span> <span class='ocrx_word' id='word_1_86' title='bbox 502 1151 712 1202; x_wconf 85' lang='lat' dir='ltr'>Civium</span> <span class='ocrx_word' id='word_1_87' title='bbox 747 1149 991 1200; x_wconf 69' lang='lat' dir='ltr'>inhaerere</span> <span class='ocrx_word' id='word_1_88' title='bbox 1023 1147 1238 1215; x_wconf 87' lang='lat' dir='ltr'>vestigiis</span> <span class='ocrx_word' id='word_1_89' title='bbox 1270 1186 1282 1206; x_wconf 92' lang='lat'>‚</span> <span class='ocrx_word' id='word_1_90' title='bbox 1324 1159 1481 1216; x_wconf 84' lang='lat' dir='ltr'>atque</span> <span class='ocrx_word' id='word_1_91' title='bbox 1511 1164 1597 1197; x_wconf 92' lang='lat' dir='ltr'>eos</span> <span class='ocrx_word' id='word_1_92' title='bbox 1625 1185 1638 1206; x_wconf 95' lang='lat'>‚</span> <span class='ocrx_word' id='word_1_93' title='bbox 1672 1150 1760 1216; x_wconf 90' lang='lat' dir='ltr'>qui</span> <span class='ocrx_word' id='word_1_94' title='bbox 1788 1162 1910 1197; x_wconf 87' lang='lat' dir='ltr'>con-</span> 
     </span>
     <span class='ocr_line' id='line_1_13' title="bbox 376 1223 1909 1297; baseline -0.003 -17"><span class='ocrx_word' id='word_1_95' title='bbox 376 1225 676 1281; x_wconf 79' lang='lat' dir='ltr'>stantisfimo</span> <span class='ocrx_word' id='word_1_96' title='bbox 711 1227 777 1278; x_wconf 88' lang='lat' dir='ltr'>ob</span> <span class='ocrx_word' id='word_1_97' title='bbox 819 1230 1036 1297; x_wconf 82' lang='lat' dir='ltr'>patriam</span> <span class='ocrx_word' id='word_1_98' title='bbox 1069 1229 1278 1277; x_wconf 89' lang='lat' dir='ltr'>interitu</span> <span class='ocrx_word' id='word_1_99' title='bbox 1313 1225 1556 1277; x_wconf 88' lang='lat' dir='ltr'>invidiam</span> <span class='ocrx_word' id='word_1_100' title='bbox 1587 1223 1909 1295; x_wconf 84' lang='lat' dir='ltr'>superarunt,</span> 
     </span>
     <span class='ocr_line' id='line_1_14' title="bbox 374 1302 1909 1376; baseline -0.004 -16"><span class='ocrx_word' id='word_1_101' title='bbox 374 1311 561 1360; x_wconf 88' lang='lat' dir='ltr'>imitari</span> <span class='ocrx_word' id='word_1_102' title='bbox 591 1320 698 1358; x_wconf 83' lang='lat' dir='ltr'>non</span> <span class='ocrx_word' id='word_1_103' title='bbox 731 1309 1118 1376; x_wconf 76' lang='lat' dir='ltr'>praetermittat5</span> <span class='ocrx_word' id='word_1_104' title='bbox 1147 1322 1239 1354; x_wconf 90' lang='lat' dir='ltr'>nec</span> <span class='ocrx_word' id='word_1_105' title='bbox 1265 1303 1444 1356; x_wconf 70' lang='lat' dir='ltr'>taedeat</span> <span class='ocrx_word' id='word_1_106' title='bbox 1477 1343 1489 1364; x_wconf 89' lang='lat'>‚</span> <span class='ocrx_word' id='word_1_107' title='bbox 1516 1303 1641 1354; x_wconf 87' lang='lat' dir='ltr'>dum</span> <span class='ocrx_word' id='word_1_108' title='bbox 1675 1302 1909 1355; x_wconf 78' lang='lat' dir='ltr'>funebria</span> 
     </span>
     <span class='ocr_line' id='line_1_15' title="bbox 376 1381 1906 1454; baseline -0.003 -17"><span class='ocrx_word' id='word_1_109' title='bbox 376 1385 761 1454; x_wconf 77' lang='lat' dir='ltr'>contemplatur</span> <span class='ocrx_word' id='word_1_110' title='bbox 788 1423 800 1444; x_wconf 90' lang='lat'><strong>,</strong></span> <span class='ocrx_word' id='word_1_111' title='bbox 839 1382 918 1436; x_wconf 88' lang='lat' dir='ltr'>vel</span> <span class='ocrx_word' id='word_1_112' title='bbox 946 1382 1247 1450; x_wconf 71' lang='lat' dir='ltr'>sanguinem</span> <span class='ocrx_word' id='word_1_113' title='bbox 1277 1386 1462 1434; x_wconf 87' lang='lat' dir='ltr'>intueri</span> <span class='ocrx_word' id='word_1_114' title='bbox 1490 1401 1506 1447; x_wconf 75' lang='lat'>3</span> <span class='ocrx_word' id='word_1_115' title='bbox 1539 1381 1737 1451; x_wconf 86' lang='lat' dir='ltr'>sanguis</span> <span class='ocrx_word' id='word_1_116' title='bbox 1769 1386 1906 1433; x_wconf 90' lang='lat' dir='ltr'>enim</span> 
     </span>
     <span class='ocr_line' id='line_1_16' title="bbox 376 1461 1908 1534; baseline -0.003 -18"><span class='ocrx_word' id='word_1_117' title='bbox 376 1482 558 1516; x_wconf 87' lang='lat' dir='ltr'>eorum</span> <span class='ocrx_word' id='word_1_118' title='bbox 591 1464 759 1515; x_wconf 82' lang='lat' dir='ltr'>femen</span> <span class='ocrx_word' id='word_1_119' title='bbox 788 1461 1028 1534; x_wconf 66' lang='lat' dir='ltr'>profecto</span> <span class='ocrx_word' id='word_1_120' title='bbox 1056 1461 1275 1532; x_wconf 88' lang='lat' dir='ltr'>est,quo</span> <span class='ocrx_word' id='word_1_121' title='bbox 1304 1464 1354 1512; x_wconf 90' lang='lat' dir='ltr'>in</span> <span class='ocrx_word' id='word_1_122' title='bbox 1374 1462 1519 1513; x_wconf 89' lang='lat' dir='ltr'>nobis</span> <span class='ocrx_word' id='word_1_123' title='bbox 1549 1479 1675 1528; x_wconf 39' lang='lat' dir='ltr'>erga,</span> <span class='ocrx_word' id='word_1_124' title='bbox 1699 1462 1908 1530; x_wconf 86' lang='lat' dir='ltr'>Sapien-</span> 
     </span>
     <span class='ocr_line' id='line_1_17' title="bbox 374 1539 1906 1610; baseline -0.004 -15"><span class='ocrx_word' id='word_1_125' title='bbox 374 1541 624 1596; x_wconf 84' lang='lat' dir='ltr'>tiffimum</span> <span class='ocrx_word' id='word_1_126' title='bbox 670 1543 864 1610; x_wconf 86' lang='lat' dir='ltr'>Regem</span> <span class='ocrx_word' id='word_1_127' title='bbox 904 1541 1134 1592; x_wconf 89' lang='lat' dir='ltr'>nostrum</span> <span class='ocrx_word' id='word_1_128' title='bbox 1168 1541 1444 1593; x_wconf 78' lang='lat' dir='ltr'>CARoLuM</span> <span class='ocrx_word' id='word_1_129' title='bbox 1478 1539 1673 1609; x_wconf 87' lang='lat' dir='ltr'>semper</span> <span class='ocrx_word' id='word_1_130' title='bbox 1716 1543 1906 1606; x_wconf 88' lang='lat' dir='ltr'>germi-</span> 
     </span>
     <span class='ocr_line' id='line_1_18' title="bbox 374 1616 1906 1689; baseline -0.003 -15"><span class='ocrx_word' id='word_1_131' title='bbox 374 1637 499 1675; x_wconf 88' lang='lat' dir='ltr'>nent</span> <span class='ocrx_word' id='word_1_132' title='bbox 529 1639 677 1674; x_wconf 83' lang='lat' dir='ltr'>amor</span> <span class='ocrx_word' id='word_1_133' title='bbox 699 1661 712 1680; x_wconf 95' lang='lat'>‚</span> <span class='ocrx_word' id='word_1_134' title='bbox 742 1621 980 1679; x_wconf 88' lang='lat' dir='ltr'>devotio,</span> <span class='ocrx_word' id='word_1_135' title='bbox 1010 1616 1161 1670; x_wconf 89' lang='lat' dir='ltr'><strong>fides.</strong></span> <span class='ocrx_word' id='word_1_136' title='bbox 1197 1619 1265 1670; x_wconf 85' lang='lat' dir='ltr'>Et</span> <span class='ocrx_word' id='word_1_137' title='bbox 1298 1620 1508 1689; x_wconf 88' lang='lat' dir='ltr'>quidem</span> <span class='ocrx_word' id='word_1_138' title='bbox 1540 1617 1650 1686; x_wconf 85' lang='lat' dir='ltr'>jure</span> <span class='ocrx_word' id='word_1_139' title='bbox 1685 1621 1906 1683; x_wconf 75' lang='lat' dir='ltr'>merito;</span> 
     </span>
     <span class='ocr_line' id='line_1_19' title="bbox 375 1694 1905 1771; baseline -0.004 -18"><span class='ocrx_word' id='word_1_140' title='bbox 375 1702 584 1771; x_wconf 83' lang='lat' dir='ltr'>quando</span> <span class='ocrx_word' id='word_1_141' title='bbox 601 1739 614 1760; x_wconf 92' lang='lat'>‚</span> <span class='ocrx_word' id='word_1_142' title='bbox 639 1698 804 1769; x_wconf 70' lang='lat' dir='ltr'>quaeso</span> <span class='ocrx_word' id='word_1_143' title='bbox 824 1739 836 1759; x_wconf 92' lang='lat'>‚</span> <span class='ocrx_word' id='word_1_144' title='bbox 871 1699 936 1750; x_wconf 80' lang='lat' dir='ltr'>A.</span> <span class='ocrx_word' id='word_1_145' title='bbox 960 1699 1029 1751; x_wconf 85' lang='lat' dir='ltr'>A.</span> <span class='ocrx_word' id='word_1_146' title='bbox 1053 1702 1345 1764; x_wconf 79' lang='lat' dir='ltr'>excogitare</span> <span class='ocrx_word' id='word_1_147' title='bbox 1373 1711 1670 1767; x_wconf 82' lang='lat' dir='ltr'>poteramus</span> <span class='ocrx_word' id='word_1_148' title='bbox 1695 1694 1905 1748; x_wconf 66' lang='lat' dir='ltr'>tanturn</span> 
     </span>
     <span class='ocr_line' id='line_1_20' title="bbox 376 1777 1902 1849; baseline -0.003 -19"><span class='ocrx_word' id='word_1_149' title='bbox 376 1799 496 1849; x_wconf 84' lang='lat' dir='ltr'>erga</span> <span class='ocrx_word' id='word_1_150' title='bbox 529 1796 622 1830; x_wconf 88' lang='lat' dir='ltr'>nos</span> <span class='ocrx_word' id='word_1_151' title='bbox 649 1780 813 1846; x_wconf 67' lang='lat' dir='ltr'>Regiae</span> <span class='ocrx_word' id='word_1_152' title='bbox 851 1777 1296 1845; x_wconf 80' lang='lat' dir='ltr'>Magnanimitatis</span> <span class='ocrx_word' id='word_1_153' title='bbox 1333 1777 1576 1827; x_wconf 88' lang='lat' dir='ltr'>indicium</span> <span class='ocrx_word' id='word_1_154' title='bbox 1605 1815 1618 1835; x_wconf 88' lang='lat'>‚</span> <span class='ocrx_word' id='word_1_155' title='bbox 1661 1790 1718 1827; x_wconf 87' lang='lat' dir='ltr'>ut</span> <span class='ocrx_word' id='word_1_156' title='bbox 1759 1789 1902 1827; x_wconf 83' lang='lat' dir='ltr'>ante-</span> 
     </span>
     <span class='ocr_line' id='line_1_21' title="bbox 375 1854 1900 1929; baseline -0.005 -19"><span class='ocrx_word' id='word_1_157' title='bbox 375 1864 531 1929; x_wconf 71' lang='lat' dir='ltr'>quam</span> <span class='ocrx_word' id='word_1_158' title='bbox 557 1854 1028 1927; x_wconf 85' lang='lat' dir='ltr'>Neapolitanorum</span> <span class='ocrx_word' id='word_1_159' title='bbox 1062 1869 1221 1906; x_wconf 81' lang='lat' dir='ltr'>terras</span> <span class='ocrx_word' id='word_1_160' title='bbox 1264 1868 1542 1924; x_wconf 83' lang='lat' dir='ltr'>occuparet</span> <span class='ocrx_word' id='word_1_161' title='bbox 1574 1855 1900 1923; x_wconf 83' lang='lat' dir='ltr'>(occupave-</span> 
     </span>
     <span class='ocr_line' id='line_1_22' title="bbox 370 1933 1901 2008; baseline -0.004 -20"><span class='ocrx_word' id='word_1_162' title='bbox 370 1948 450 1990; x_wconf 71' lang='lat' dir='ltr'>rat</span> <span class='ocrx_word' id='word_1_163' title='bbox 484 1939 586 2008; x_wconf 85' lang='lat' dir='ltr'>jam</span> <span class='ocrx_word' id='word_1_164' title='bbox 617 1935 768 2002; x_wconf 72' lang='lat' dir='ltr'>longe</span> <span class='ocrx_word' id='word_1_165' title='bbox 802 1937 951 1984; x_wconf 68' lang='lat' dir='ltr'>antea</span> <span class='ocrx_word' id='word_1_166' title='bbox 979 1938 1206 1992; x_wconf 85' lang='lat' dir='ltr'>animos,</span> <span class='ocrx_word' id='word_1_167' title='bbox 1236 1933 1419 1992; x_wconf 85' lang='lat' dir='ltr'>corda,</span> <span class='ocrx_word' id='word_1_168' title='bbox 1446 1934 1496 1984; x_wconf 89' lang='lat'>&amp;</span> <span class='ocrx_word' id='word_1_169' title='bbox 1522 1933 1775 2003; x_wconf 66' lang='lat' dir='ltr'>pectora)</span> <span class='ocrx_word' id='word_1_170' title='bbox 1801 1936 1901 2001; x_wconf 86' lang='lat' dir='ltr'>pri-</span> 
     </span>
     <span class='ocr_line' id='line_1_23' title="bbox 373 2010 1903 2081; baseline -0.003 -14"><span class='ocrx_word' id='word_1_171' title='bbox 373 2034 457 2067; x_wconf 79' lang='lat' dir='ltr'>ma</span> <span class='ocrx_word' id='word_1_172' title='bbox 487 2015 720 2067; x_wconf 85' lang='lat' dir='ltr'>inciderit</span> <span class='ocrx_word' id='word_1_173' title='bbox 754 2011 1000 2081; x_wconf 82' lang='lat' dir='ltr'>cogitatio</span> <span class='ocrx_word' id='word_1_174' title='bbox 1027 2051 1040 2070; x_wconf 88' lang='lat'>,</span> <span class='ocrx_word' id='word_1_175' title='bbox 1083 2011 1263 2076; x_wconf 83' lang='lat' dir='ltr'>dignos</span> <span class='ocrx_word' id='word_1_176' title='bbox 1289 2050 1302 2070; x_wconf 94' lang='lat'>‚</span> <span class='ocrx_word' id='word_1_177' title='bbox 1345 2010 1734 2081; x_wconf 79' lang='lat' dir='ltr'>praestantesque</span> <span class='ocrx_word' id='word_1_178' title='bbox 1765 2010 1903 2079; x_wconf 84' lang='lat' dir='ltr'>Nea·</span> 
     </span>
     <span class='ocr_line' id='line_1_24' title="bbox 373 2086 1900 2166; baseline -0.004 -19"><span class='ocrx_word' id='word_1_179' title='bbox 373 2095 628 2166; x_wconf 84' lang='lat' dir='ltr'>politanos</span> <span class='ocrx_word' id='word_1_180' title='bbox 664 2094 900 2144; x_wconf 79' lang='lat' dir='ltr'>maximis</span> <span class='ocrx_word' id='word_1_181' title='bbox 934 2090 1217 2140; x_wconf 87' lang='lat' dir='ltr'>honoribus</span> <span class='ocrx_word' id='word_1_182' title='bbox 1244 2089 1538 2141; x_wconf 83' lang='lat' dir='ltr'>cumulandi</span> <span class='ocrx_word' id='word_1_183' title='bbox 1571 2128 1583 2140; x_wconf 93' lang='lat'>.</span> <span class='ocrx_word' id='word_1_184' title='bbox 1630 2086 1684 2141; x_wconf 82' lang='lat' dir='ltr'>In</span> <span class='ocrx_word' id='word_1_185' title='bbox 1724 2093 1900 2160; x_wconf 89' lang='lat' dir='ltr'>primis</span> 
     </span>
     <span class='ocr_line' id='line_1_25' title="bbox 372 2164 1899 2244; baseline -0.005 -18"><span class='ocrx_word' id='word_1_186' title='bbox 372 2175 479 2244; x_wconf 89' lang='lat' dir='ltr'>ejus</span> <span class='ocrx_word' id='word_1_187' title='bbox 508 2173 570 2224; x_wconf 85' lang='lat' dir='ltr'>acl</span> <span class='ocrx_word' id='word_1_188' title='bbox 601 2189 695 2223; x_wconf 87' lang='lat' dir='ltr'>nos</span> <span class='ocrx_word' id='word_1_189' title='bbox 728 2166 885 2221; x_wconf 83' lang='lat' dir='ltr'>miffis</span> <span class='ocrx_word' id='word_1_190' title='bbox 913 2164 1128 2239; x_wconf 83' lang='lat' dir='ltr'>epistolis</span> <span class='ocrx_word' id='word_1_191' title='bbox 1165 2208 1178 2228; x_wconf 88' lang='lat'><strong>‚</strong></span> <span class='ocrx_word' id='word_1_192' title='bbox 1224 2169 1363 2220; x_wconf 83' lang='lat' dir='ltr'>nulla</span> <span class='ocrx_word' id='word_1_193' title='bbox 1405 2169 1465 2219; x_wconf 85' lang='lat' dir='ltr'>de</span> <span class='ocrx_word' id='word_1_194' title='bbox 1510 2171 1724 2239; x_wconf 86' lang='lat' dir='ltr'>propriis</span> <span class='ocrx_word' id='word_1_195' title='bbox 1757 2185 1899 2219; x_wconf 88' lang='lat' dir='ltr'>com-</span> 
     </span>
     <span class='ocr_line' id='line_1_26' title="bbox 372 2246 1898 2317; baseline -0.003 -13"><span class='ocrx_word' id='word_1_196' title='bbox 372 2254 537 2304; x_wconf 84' lang='lat' dir='ltr'>modis</span> <span class='ocrx_word' id='word_1_197' title='bbox 568 2253 794 2309; x_wconf 81' lang='lat' dir='ltr'>mentio,</span> <span class='ocrx_word' id='word_1_198' title='bbox 827 2247 968 2299; x_wconf 78' lang='lat' dir='ltr'>nulla</span> <span class='ocrx_word' id='word_1_199' title='bbox 986 2246 1136 2298; x_wconf 51' lang='lat' dir='ltr'>-de&#39;i&#39;is</span> <span class='ocrx_word' id='word_1_200' title='bbox 1171 2247 1344 2299; x_wconf 87' lang='lat' dir='ltr'>multis</span> <span class='ocrx_word' id='word_1_201' title='bbox 1371 2288 1383 2307; x_wconf 90' lang='lat'>,</span> <span class='ocrx_word' id='word_1_202' title='bbox 1421 2267 1532 2317; x_wconf 77' lang='lat' dir='ltr'>quae</span> <span class='ocrx_word' id='word_1_203' title='bbox 1567 2250 1712 2300; x_wconf 88' lang='lat' dir='ltr'>novis</span> <span class='ocrx_word' id='word_1_204' title='bbox 1737 2249 1898 2317; x_wconf 88' lang='lat' dir='ltr'>impe-</span> 
     </span>
     <span class='ocr_line' id='line_1_27' title="bbox 370 2324 1899 2398; baseline -0.006 -13"><span class='ocrx_word' id='word_1_205' title='bbox 370 2336 452 2385; x_wconf 87' lang='lat' dir='ltr'>riis</span> <span class='ocrx_word' id='word_1_206' title='bbox 487 2330 647 2382; x_wconf 80' lang='lat' dir='ltr'>veluti</span> <span class='ocrx_word' id='word_1_207' title='bbox 683 2328 819 2395; x_wconf 83' lang='lat' dir='ltr'>leges</span> <span class='ocrx_word' id='word_1_208' title='bbox 843 2326 1234 2398; x_wconf 62' lang='lat' dir='ltr'>praescribuntur</span> <span class='ocrx_word' id='word_1_209' title='bbox 1264 2326 1581 2379; x_wconf 81' lang='lat' dir='ltr'>inviolabiles</span> <span class='ocrx_word' id='word_1_210' title='bbox 1610 2366 1622 2386; x_wconf 86' lang='lat'>‚</span> <span class='ocrx_word' id='word_1_211' title='bbox 1662 2324 1743 2377; x_wconf 89' lang='lat' dir='ltr'>sed</span> <span class='ocrx_word' id='word_1_212' title='bbox 1780 2328 1899 2395; x_wconf 78' lang='lat' dir='ltr'>quia</span> 
     </span>
     <span class='ocr_line' id='line_1_28' title="bbox 372 2403 1898 2477; baseline -0.005 -15"><span class='ocrx_word' id='word_1_213' title='bbox 372 2429 491 2477; x_wconf 83' lang='lat' dir='ltr'>erga</span> <span class='ocrx_word' id='word_1_214' title='bbox 523 2427 616 2460; x_wconf 88' lang='lat' dir='ltr'>nos</span> <span class='ocrx_word' id='word_1_215' title='bbox 642 2420 783 2460; x_wconf 89' lang='lat' dir='ltr'>totus</span> <span class='ocrx_word' id='word_1_216' title='bbox 811 2441 830 2467; x_wconf 37' lang='lat' dir='ltr'>s,</span> <span class='ocrx_word' id='word_1_217' title='bbox 870 2405 1024 2476; x_wconf 84' lang='lat' dir='ltr'>hujus</span> <span class='ocrx_word' id='word_1_218' title='bbox 1053 2404 1240 2476; x_wconf 76' lang='lat' dir='ltr'>publici</span> <span class='ocrx_word' id='word_1_219' title='bbox 1270 2404 1460 2457; x_wconf 79' lang='lat' dir='ltr'>funeris</span> <span class='ocrx_word' id='word_1_220' title='bbox 1487 2406 1733 2456; x_wconf 79' lang='lat' dir='ltr'>institutio</span> <span class='ocrx_word' id='word_1_221' title='bbox 1753 2443 1765 2463; x_wconf 91' lang='lat'>‚</span> <span class='ocrx_word' id='word_1_222' title='bbox 1794 2403 1898 2474; x_wconf 80' lang='lat' dir='ltr'>pla·</span> 
     </span>
    </p>

    <p class='ocr_par' dir='ltr' id='par_1_2' title="bbox 338 2483 1899 2791">
     <span class='ocr_line' id='line_1_29' title="bbox 338 2483 1898 2554; baseline -0.006 -13"><span class='ocrx_word' id='word_1_223' title='bbox 338 2490 589 2549; x_wconf 47' lang='lat' dir='ltr'>xxcuit,-ut</span> <span class='ocrx_word' id='word_1_224' title='bbox 617 2485 734 2538; x_wconf 79' lang='lat' dir='ltr'>effet</span> <span class='ocrx_word' id='word_1_225' title='bbox 759 2486 1006 2554; x_wconf 83' lang='lat' dir='ltr'>regnandi</span> <span class='ocrx_word' id='word_1_226' title='bbox 1030 2488 1230 2536; x_wconf 90' lang='lat' dir='ltr'>initium</span> <span class='ocrx_word' id='word_1_227' title='bbox 1250 2524 1261 2544; x_wconf 94' lang='lat'>,</span> <span class='ocrx_word' id='word_1_228' title='bbox 1291 2486 1339 2536; x_wconf 88' lang='lat'>&amp;</span> <span class='ocrx_word' id='word_1_229' title='bbox 1370 2489 1595 2554; x_wconf 85' lang='lat' dir='ltr'>primum</span> <span class='ocrx_word' id='word_1_230' title='bbox 1624 2483 1719 2535; x_wconf 83' lang='lat' dir='ltr'>suae</span> <span class='ocrx_word' id='word_1_231' title='bbox 1738 2483 1898 2534; x_wconf 56' lang='lat' dir='ltr'>Bene*</span> 
     </span>
     <span class='ocr_line' id='line_1_30' title="bbox 371 2558 1899 2637; baseline -0.005 -19"><span class='ocrx_word' id='word_1_232' title='bbox 371 2558 587 2619; x_wconf 66' lang='lat' dir='ltr'>ficentissae</span> <span class='ocrx_word' id='word_1_233' title='bbox 624 2559 909 2637; x_wconf 73' lang='lat' dir='ltr'>specimen.</span> <span class='ocrx_word' id='word_1_234' title='bbox 939 2564 1035 2632; x_wconf 82' lang='lat' dir='ltr'>Eja</span> <span class='ocrx_word' id='word_1_235' title='bbox 1061 2567 1194 2631; x_wconf 85' lang='lat' dir='ltr'>agite</span> <span class='ocrx_word' id='word_1_236' title='bbox 1225 2568 1467 2615; x_wconf 89' lang='lat' dir='ltr'>concives</span> <span class='ocrx_word' id='word_1_237' title='bbox 1502 2603 1514 2622; x_wconf 91' lang='lat'><strong><em>‚</em></strong></span> <span class='ocrx_word' id='word_1_238' title='bbox 1547 2565 1595 2615; x_wconf 68' lang='lat'>8&lt;</span> <span class='ocrx_word' id='word_1_239' title='bbox 1624 2560 1864 2613; x_wconf 61' lang='lat' dir='ltr'>luctuoso</span> <span class='ocrx_word' id='word_1_240' title='bbox 1887 2598 1899 2620; x_wconf 85' lang='lat'><strong>,</strong></span> 
     </span>
     <span class='ocr_line' id='line_1_31' title="bbox 372 2641 1897 2711; baseline -0.006 -13"><span class='ocrx_word' id='word_1_241' title='bbox 372 2651 462 2698; x_wconf 81' lang='lat' dir='ltr'>cui&#39;</span> <span class='ocrx_word' id='word_1_242' title='bbox 482 2644 653 2696; x_wconf 85' lang='lat' dir='ltr'>adestis</span> <span class='ocrx_word' id='word_1_243' title='bbox 671 2683 683 2703; x_wconf 88' lang='lat'>,</span> <span class='ocrx_word' id='word_1_244' title='bbox 711 2641 914 2704; x_wconf 83' lang='lat' dir='ltr'>officio,</span> <span class='ocrx_word' id='word_1_245' title='bbox 941 2641 1013 2694; x_wconf 71' lang='lat' dir='ltr'>fas</span> <span class='ocrx_word' id='word_1_246' title='bbox 1040 2641 1098 2694; x_wconf 87' lang='lat' dir='ltr'>fit</span> <span class='ocrx_word' id='word_1_247' title='bbox 1119 2682 1132 2699; x_wconf 89' lang='lat'>‚</span> <span class='ocrx_word' id='word_1_248' title='bbox 1159 2644 1210 2694; x_wconf 87' lang='lat'>&amp;</span> <span class='ocrx_word' id='word_1_249' title='bbox 1237 2646 1391 2693; x_wconf 85' lang='lat' dir='ltr'>animi</span> <span class='ocrx_word' id='word_1_250' title='bbox 1419 2642 1602 2711; x_wconf 80' lang='lat' dir='ltr'>gaudia</span> <span class='ocrx_word' id='word_1_251' title='bbox 1631 2643 1897 2708; x_wconf 66' lang='lat' dir='ltr'>congemi⁴</span> 
     </span>
     <span class='ocr_line' id='line_1_32' title="bbox 374 2719 1896 2791; baseline -0.005 -16"><span class='ocrx_word' id='word_1_252' title='bbox 374 2744 522 2775; x_wconf 78' lang='lat' dir='ltr'>nare.</span> <span class='ocrx_word' id='word_1_253' title='bbox 554 2722 696 2785; x_wconf 90' lang='lat' dir='ltr'>Quid</span> <span class='ocrx_word' id='word_1_254' title='bbox 728 2727 898 2781; x_wconf 76' lang='lat' dir='ltr'>enim,</span> <span class='ocrx_word' id='word_1_255' title='bbox 933 2738 1020 2791; x_wconf 87' lang='lat' dir='ltr'>per</span> <span class='ocrx_word' id='word_1_256' title='bbox 1040 2721 1259 2773; x_wconf 88' lang='lat' dir='ltr'>vestram</span> <span class='ocrx_word' id='word_1_257' title='bbox 1292 2719 1640 2779; x_wconf 85' lang='lat' dir='ltr'>fidem‚Deus</span> <span class='ocrx_word' id='word_1_258' title='bbox 1668 2722 1896 2788; x_wconf 79' lang='lat' dir='ltr'>optimus</span> 
     </span>
    </p>

    <p class='ocr_par' dir='ltr' id='par_1_3' title="bbox 1661 2815 1821 2848">
     <span class='ocr_line' id='line_1_33' title="bbox 1661 2815 1821 2848; baseline 0 0"><span class='ocrx_word' id='word_1_259' title='bbox 1661 2815 1821 2848; x_wconf 80' lang='lat' dir='ltr'>maxi-</span> 
     </span>
    </p>
   </div>
  </div>
 </body>
</html>
