2134 3324
1507 324 1569 369 Ι9

130 383 395 438 &taculum
414 425 428 447 ,
446 402 611 455 neque
640 383 731 436 s'uae
762 382 1078 436 fortitudinis
1098 383 1302 455 poffunt
1323 389 1505 456 quovis
1525 399 1658 437 tem-

128 483 254 536 pore
283 465 587 535 depromere
621 463 847 514 facinora
872 502 886 523 ,
929 478 1014 515 aut
1061 462 1247 516 referre
1288 463 1485 535 palmas
1521 503 1536 524 ‚
1577 464 1661 516 vel

130 546 423 612 triumphos
451 544 720 594 decantare
754 580 766 592 .
811 542 886 593 At
919 547 1045 596 vero
1074 542 1267 610 Sangrii
1297 582 1311 603 ,
1355 545 1406 596 δε
1441 543 1661 616 Capycii

133 621 330 689 sanguis
358 622 527 672 semen
557 622 623 674 est
650 620 1068 691 triumphorum,
1093 620 1266 674 semen
1293 621 1359 672 est
1388 620 1662 683 fidelitatis,

132 698 303 752 semen
329 700 397 751 est
424 700 741 771 palmarum.
769 699 998 770 Ipsorum
1027 704 1219 752 etenim
1240 696 1657 754 constantissimae

133 782 316 830 mortis
346 779 633 831 recordatio
662 778 775 830 sane
800 797 902 829 non
933 779 1209 831 hominum
1239 797 1460 850 corpora
1487 777 1661 849 profli-

132 870 218 926 gat
238 897 251 917 ‚
278 876 382 909 non
414 877 536 910 cum
569 857 796 910 hostibus
821 859 1158 925 congreditur
1186 899 1199 919 ,
1233 877 1338 910 non
1368 876 1545 910 coram
1582 876 1664 911 ex-

131 940 359 1006 peritur,
386 937 465 989 sed
499 942 662 1004 magis
688 937 887 989 strenue
906 976 919 997 ,
946 956 1003 988 ac
1035 937 1234 989 insueto
1267 937 1427 989 modo
1457 938 1663 1008 superat

132 1012 433 1067 fortiffimos
453 1021 653 1068 animos
668 1055 681 1076 ,
697 1029 958 1086 quotquot
973 1015 1088 1068 sunt
1104 1056 1116 1076 ,
1132 1016 1410 1068 hominum
1431 1055 1445 1076 ,
1460 1020 1510 1067 in
1531 1017 1668 1067 Am-

133 1090 356 1163 pliffimo
385 1095 533 1163 Regis
564 1094 718 1146 nostri
746 1094 1042 1146 dominatu.
1070 1094 1298 1164 Nanque
1331 1093 1492 1146 ausim
1533 1095 1666 1145 dice-

134 1191 187 1223 re
208 1169 269 1232 ,ss
299 1172 431 1223 forte
461 1176 509 1224 in
539 1172 685 1224 nobis
714 1169 953 1223 deficeret
980 1176 1220 1242 is,quem
1251 1191 1372 1225 cum
1399 1172 1513 1225 luce
1542 1173 1668 1224 hau-

130 1248 284 1302 fimus
306 1269 426 1317 erga
454 1247 897 1301 clementissimam
925 1250 1258 1302 Austriorum
1287 1251 1515 1303 sobolem
1533 1290 1545 1311 ,
1576 1251 1667 1303 ob-

132 1325 539 1397 stquentillimus
560 1345 707 1378 amor
724 1367 735 1388 ‚
755 1326 855 1378 sola
887 1329 1177 1379 recordatio
1203 1328 1458 1398 sanguinis
1474 1369 1487 1389 ,
1505 1347 1664 1400 quem

133 1407 288 1459 nostri
327 1403 714 1477 praestantiffimi
746 1405 885 1466 Viri,
920 1424 1014 1474 pro
1049 1406 1212 1473 Rege,
1244 1408 1527 1479 Patriaeque
1559 1407 1669 1458 feli-

138 1489 289 1536 citate
310 1525 321 1545 ‚
337 1485 579 1537 fuderunt
596 1485 735 1545 ,fatis
758 1483 904 1545 effet,
920 1484 980 1535 ad
1007 1490 1197 1555 quaevis
1217 1486 1372 1537 ardua
1398 1504 1495 1556 pro
1520 1499 1668 1538 tanto

135 1565 310 1616 nostro
340 1566 571 1634 Principe
604 1563 886 1634 arripienda
915 1602 926 1614 .
970 1564 1128 1616 Tanti
1175 1569 1312 1615 enim
1356 1565 1425 1617 est
1467 1568 1668 1617 virtutis

134 1643 422 1694 recordatio
451 1682 464 1704 ,
490 1658 547 1695 ut
571 1642 678 1711 ejus
707 1642 1057 1713 pulcherrima
1092 1643 1275 1713 species
1304 1684 1317 1704 ,
1361 1645 1411 1696 δε
1435 1647 1671 1695 animum

137 1719 455 1782 inflammet,
473 1723 523 1773 ὃς
548 1721 611 1774 ad
636 1725 1023 1773 imitamentum
1055 1721 1267 1774 alliciat.
1296 1720 1463 1787 Qod
1497 1740 1576 1774 res
1603 1727 1672 1774 ita

138 1799 199 1851 fit
218 1840 231 1860 ‚
274 1801 384 1851 Vos
404 1841 415 1861 ,
448 1804 534 1870 qui
562 1804 660 1852 una
687 1818 895 1851 mecum
919 1798 1087 1852 funeri
1120 1800 1284 1853 astatis
1305 1800 1480 1861 ‚testes
1510 1799 1667 1860 volo,

142 1876 395 1930 fortissimi
423 1879 577 1931 Cives
604 1918 617 1929 .
660 1877 884 1947 Qoties
916 1878 1064 1932 vobis
1089 1878 1307 1951 Capycii
1339 1918 1353 1939 ,
1393 1881 1444 1931 δε
1473 1880 1669 1945 Sangrii

142 1962 366 2010 occurrit
398 1957 700 2028 phantasma
719 1997 731 2016 ‚
769 1960 941 2008 nonne
973 1956 1136 2011 veluti
1165 1961 1490 2028 impatientes
1519 1957 1672 2009 velle-

138 2039 199 2087 tis
219 2076 230 2095 ,
246 2040 434 2104 quaevis
457 2033 748 2102 graviss'ima
766 2034 992 2106 pericula
1022 2035 1183 2087 subire
1199 2075 1212 2096 ‚
1230 2036 1452 2088 hostium
1472 2049 1668 2087 turmas

139 2114 379 2185 perdere,
401 2113 629 2180 legiones
667 2129 877 2168 metatas
910 2115 1183 2166 exturbare
1202 2154 1215 2175 ‚
1245 2114 1561 2183 glomeratos
1591 2133 1673 2181 ag·

140 2212 283 2260 geres
320 2211 522 2263 aequare
540 2233 553 2253 ,
569 2193 829 2246 Cohortes
846 2233 858 2254 ,
879 2192 962 2246 vel
997 2193 1210 2246 fundere
1233 2233 1246 2253 ‚
1274 2192 1359 2245 vel
1386 2210 1672 2253 exarmare,

144 2272 462 2324 Dominatus
493 2269 621 2323 fines
657 2273 947 2342 prolatare?
969 2273 1017 2324 id
1042 2290 1135 2324 vos
1160 2290 1341 2323 omnes
1362 2269 1492 2323 velle
1514 2311 1527 2332 ‚
1551 2291 1674 2341 prae-

144 2349 284 2401 stitus
304 2353 481 2402 virtuti
511 2351 681 2403 honos
698 2391 711 2411 ‚
728 2351 903 2412 fateri,
919 2349 1187 2422 compellit
1207 2389 1220 2402 .
1246 2350 1470 2416 Qoties
1508 2350 1570 2402 ad
1592 2368 1674 2400 eo-

146 2446 261 2480 rum
291 2430 611 2481 constantem
638 2428 940 2483 fidelitatem
969 2434 1203 2483 animum
1230 2430 1489 2480 advertitis
1506 2468 1520 2488 ‚
1541 2446 1673 2480 non-

148 2511 212 2558 ne
245 2511 443 2560 minimi
480 2507 708 2560 faceretis
732 2549 744 2570 ,
778 2509 1009 2561 fortunas
1031 2548 1045 2569 ,
1065 2509 1250 2559 domus
1271 2544 1284 2567 ,
1315 2505 1469 2559 fasces
1488 2545 1505 2568 ,
1522 2519 1670 2558 natos

146 2586 277 2656 ipsos
299 2627 311 2646 ,
338 2587 494 2655 ipsam
517 2591 675 2638 vitam
698 2586 891 2656 pessum
908 2591 978 2638 ire
999 2626 1012 2648 ,
1028 2585 1189 2638 modo
1225 2584 1417 2638 cuncta
1437 2585 1499 2636 ad
1522 2584 1671 2654 Regis

147 2665 302 2716 nostri
325 2664 617 2716 felicitatem
651 2664 954 2717 colliment?
987 2684 1067 2716 me
1096 2663 1230 2716 velle
1261 2661 1518 2716 confiteor
1537 2702 1549 2723 ,
1579 2681 1672 2714 nec

148 2761 231 2793 me
257 2761 436 2795 coram
471 2745 572 2796 hoc
600 2763 691 2796 vos
726 2743 1056 2803 renuere,fas
1088 2743 1186 2809 est5
1206 2741 1381 2796 vultus
1407 2743 1560 2794 vestri
1590 2759 1674 2793 an-

927 2822 976 2874 C
1059 2841 1087 2871 2
1487 2824 1558 2873 xii
1587 2861 1598 2881 ,
